2982 4948
610 375 660 452 59

83 546 211 648 Ποίρις
234 549 328 654 γάρ,
354 554 396 638 ὃς
420 552 489 632 σὸν
513 557 620 634 παῖδ’
642 559 774 659 ἔπεφν’
795 561 974 658 Ἀχιλλέα,

84 672 250 775 Ἑκτορος
274 677 434 780 ἀδελφὸς
457 679 521 776 ἦν,
548 679 677 784 δάμαρ
703 683 741 761 ‹l'
769 684 831 782 ἥθ’
846 687 1030 791 Ἕκτορος.

81 799 149 875 καῖ
173 801 261 898 τῇδε
287 795 327 906 γ’
352 805 496 905 ελςέρχει
521 806 570 884 σὺ
593 809 733 886 ταύτὸν
757 817 808 896 ελς
832 815 975 917 στέγος,

82 924 148 1000 καὶ
173 925 423 1028 ξυντροίπεζον
448 931 561 1018 ἀξιοῖς
586 935 682 1028 ἔχειν
706 933 816 1032 βίον,

81 1048 221 1130 τίκτειν
245 1052 283 1130 ‹l'
309 1057 350 1132 έν
374 1061 488 1147 οἴκοις
509 1056 648 1142 παῖδας
671 1059 868 1157 ἐχθίστους
891 1064 971 1163 ἐᾷς·

80 1174 165 1280 ῖῖγαῖ
190 1177 347 1279 προνοίᾳ
371 1189 418 1281 τῇ
442 1211 482 1258 τε
508 1192 555 1280 σῇ
579 1185 700 1283 κᾶμῇ,
727 1185 837 1288 γέρον
843 1210 878 1276 ,³
956 1258 959 1266 ,

78 1311 232 1381 κτανεῖν
255 1305 380 1384 θέλων
403 1305 525 1404 τήνδ’,
549 1311 593 1407 ,ἐκ
608 1319 733 1411 χεροῖν
763 1309 1014 1424 οῖρτιοίζομ-αι.Η

78 1427 202 1506 καίτοι
227 1432 326 1531 φέρ’,
353 1433 530 1533 ἅψασθαι
554 1433 627 1536 γὰρ
654 1436 724 1512 οὐκ
749 1433 905 1534 αλσχρόν
932 1436 1078 1541 λόγον,

77 1551 128 1649 ἢν
153 1562 239 1639 παῖς
261 1556 334 1654 μὲν
357 1558 380 1654 ἡ
404 1557 470 1655 ’μὴ
495 1557 547 1656 μὴ
572 1558 678 1655 τέκῃ,
702 1557 840 1658 ταύτης
862 1561 902 1639 ‹l’
929 1564 1003 1642 ἄπο
1196 1549 1274 1649 6601
1349 1654 1352 1662 ,

76 1676 271 1778 βλίσταισι
296 1682 441 1772 παῖδας,
466 1681 572 1780 τήςθε
597 1692 665 1786 γῆς
687 1683 905 1773 Φθιώτιδος

79 1801 223 1900 στήσας
247 1804 472 1907 τυράννους,
497 1806 690 1910 βάρβαροι
715 1809 754 1887 θ’
782 1813 885 1899 ὄντες
910 1813 1016 1917 γένος

53 1930 241 2027 ,Ἓλλησιν
266 1934 437 2033 ἄρξουσζ·
463 1934 531 2026 εἶτ’
558 1933 631 2039 ἐγώ
656 1933 727 2034 μὲν
751 1938 796 2013 οὐ
823 1947 973 2038 φρονῶ,

76 2065 201 2154 μισῶν
229 2057 277 2134 τὰ
302 2057 355 2155 μὴ
381 2058 526 2148 δίκαια,
554 2060 613 2136 σοὶ
637 2059 676 2137 ‹l'
703 2063 821 2138 ἔνεστι
842 2070 955 2158 νοῦςς

76 2183 225 2260 κάκεῖνο
249 2191 323 2262 νῦν
347 2184 537 2284 ἄθρησον·
570 2189 602 2260 ελ
628 2184 675 2261 οὐ
702 2185 820 2263 παῖδα
845 2187 915 2285 σὴν

76 2305 169 2393 δούς
193 2336 246 2410 τῳ
273 2318 453 2400 πολιτῶν,
476 2307 546 2388 εἶτ’
571 2312 706 2407 ἔπασχε
729 2311 873 2404 τοιοίδε,

76 2442 164 2538 σιγῇ
187 2432 331 2531 κοίθησ’
359 2437 427 2536 iim
453 2435 499 2510 οὐ
521 2434 643 2512 δοκεῖ·
668 2436 770 2534 ξένης
795 2439 835 2517 θ’
862 2439 957 2543 ὅπερ
1025 2483 1039 2489 ⁴·
1163 2443 1177 2532 ,

74 2557 401 2647 τοιαῦταλοίσκεις
421 2560 511 2646 τοὺς
536 2561 764 2666 ἀναγκαίους
788 2563 939 2667 φίλουςς

74 2847 159 2907 quem
175 2828 286 2907 sequuti
301 2827 455 2890 Dindorfii.
498 2831 599 2892 Potest
613 2833 698 2894 etiam
719 2855 749 2895 τε
768 2845 875 2894 mutata
896 2837 1052 2896 sententiae
1073 2833 1182 2902 ratione

74 2923 141 2990 post
158 2909 210 2991 μὲν
231 2911 347 2983 inferri,
378 2911 462 2992 idque
483 2915 530 2972 hio
552 2915 657 2973 laetum
677 2914 807 2988 videtur,
840 2915 915 2995 quod
935 2918 1010 2976 inter
1030 2921 1085 2978 ista
1106 2923 1183 3005 ὁορι.

73 2999 147 3073 πετῆ
165 2997 276 3074 νεκρῶν
296 2989 445 3074 πεσήματα
464 2994 594 3059 Achilles
614 3015 726 3077 quoque
746 2999 810 3057 luit.

162 3092 233 3154 644.
277 3091 439 3173 Aliquid-se
453 3097 617 3157 emendasse
636 3098 745 3178 putavit
760 3096 940 3176 Lentingius‚
965 3116 1049 3177 quum
1067 3117 1103 3158 ex
1118 3102 1179 3160 solo

73 3174 144 3234 Par.
168 3167 204 3234 Β.
227 3171 308 3258 τέγος
327 3198 378 3257 pro
400 3177 496 3262 στέγος
516 3182 640 3262 scripsit.
759 3189 762 3197 ’

159 3276 231 3339 646.
280 3275 478 3357 luterrogandi
514 3282 625 3359 signum
660 3278 801 3338 Matthiae
837 3278 941 3358 aliique
975 3297 1178 3361 apposuerunt.

73 3357 212 3420 Eumtlem
234 3370 400 3439 potestatem
422 3364 508 3422 hahet
528 3363 655 3421 mirantis
676 3373 760 3441 atque
782 3363 982 3441 interrogantis
1003 3386 1069 3425 vox.

157 3462 229 3524 648.
280 3458 441 3519 Brunclsius
467 3462 583 3541 putabat
611 3459 789 3521 scribendum
816 3481 878 3521 esse
906 3457 970 3545 ii'yoi
996 3486 1019 3524 π
1037 3465 1120 3551 ονοίγ
1144 3471 1181 3554 τῇ

72 3567 103 3607 τε
132 3549 168 3632 σή
197 3539 291 3630 κᾶμῇζ
327 3540 428 3624 γέρον,
456 3541 560 3607 παύειν
580 3543 693 3620 θέλων,
729 3539 813 3624 τήνδ’
840 3543 872 3606 ἐκ
896 3551 987 3627 χεροῖν
1008 3543 1179 3630 αρτιοῖζομαι,

73 3629 158 3708 plana
179 3649 247 3688 sane
269 3627 419 3686 sententia.
463 3628 616 3702 Reislius‚
653 3639 685 3688 ut
704 3629 886 3701 scholiastes,
925 3627 1016 3711 lipro
1038 3628 1072 3694 δι’
1096 3630 1115 3696 ii
1136 3635 1179 3696 tli-
1226 3648 1230 3656 '

74 3723 149 3770 etum
172 3712 279 3784 hahuit,
304 3708 379 3791 quod
400 3730 466 3789 ego,
489 3713 514 3770 si
535 3714 713 3784 seutentiam,
737 3734 793 3770 non
809 3713 920 3793 ellipsin
937 3727 1106 3794 spectamus,
1129 3741 1179 3780 ve·
1300 3719 1302 3726 '

73 3815 136 3855 rum
157 3807 243 3874 puto,
270 3811 459 3875 quamsaepe
482 3797 523 3855 sie
544 3800 633 3857 ταῦτα
654 3794 775 3855 dicatur.
816 3795 957 3857 Matthiae
978 3800 1019 3858 sie
1041 3803 1175 3880 explicat,

74 3889 106 3938 ut
132 3890 216 3956 poeta
242 3879 480 3938 constructionem
509 3880 681 3951 instituerit,
718 3898 752 3938 ac
779 3879 803 3937 si
829 3899 948 3959 pergere
976 3883 1063 3944 vellet
1083 3881 1103 3946 ii
1122 3882 1178 3968 lyei

71 3956 177 4023 παύειν
204 3960 300 4024 θέλων
327 3960 379 4022 καῖ
405 3960 519 4024 κτανεῖν
547 3957 632 4044 τήνδε
661 3961 694 4024 ἐκ
720 3965 810 4044 χεροῖν
829 3958 1000 4046 ἆρντάζομαι.
1041 3965 1111 4027 Ρατ.
1134 3968 1174 4027 Α.

71 4050 178 4108 θανεῖν
198 4065 249 4127 pro
269 4050 392 4106 κτανεῖν.

155 4147 228 4208 651.
272 4143 329 4203 llie
350 4162 448 4202 versus
470 4142 550 4204 deest
570 4144 599 4204 in
620 4144 700 4203 Flor.
723 4142 763 4204 A.
780 4111 831 4208 lo.
856 4145 1041 4226 observatque
1059 4147 1177 4212 lentiu-

73 4231 136 4310 gins
150 4229 242 4288 omitti
266 4245 360 4307 posse,
384 4227 408 4285 si
426 4247 489 4290 eum
507 4229 598 4308 prima
613 4247 696 4287 manu
711 4225 781 4287 Par.
799 4227 836 4287 Ε.
856 4228 968 4306 legatur
989 4226 1094 4311 ταύτης
1109 4227 1175 4303 ίίιιο,

109 4323 111 4328 ’
153 4320 225 4383 652.
268 4319 338 4378 Par.
364 4317 402 4378 E.
427 4318 507 4378 Flor.
524 4321 555 4384 2.
577 4321 658 4382 vict.
682 4320 767 4381 Lase.
785 4312 892 4398 στήσει.
927 4318 997 4380 Par.
1021 4321 1058 4381 B.
1081 4321 1122 4383 D.
1146 4325 1175 4386 in
1211 4308 1215 4318 ¹
1260 4321 1261 4325 ’

72 4423 262 4560 ...ιιιθιιῧτὸιο
270 4409 398 4554 iffi}
421 4495 468 4554 ue
488 4514 586 4554 vesus
606 4497 636 4554 i„
656 4494 754 4574 nom.
776 4490 821 4552 n.
844 4494 918 4568 sss,
942 4495 993 4563 3ο.
1022 4497 1096 4571 ιιι,
1119 4500 1172 4564 sa.

73 4591 103 4638 et
125 4580 153 4638 in
180 4578 311 4638 Gudiano
333 4598 362 4658 p.
384 4579 457 4652 361,
477 4579 529 4644 ³2.
560 4579 634 4652 363,
656 4580 708 4644 16.
736 4596 791 4657 quo
817 4587 958 4660 postremo
980 4580 1062 4655 loco,
1093 4584 1173 4641 utin
