3006 4952
290 1089 292 1096 Α
476 959 930 1074 νποοεειε.

138 1464 439 1588 Νεοπτόλεμοςέ
423 1494 463 1567 έν
489 1494 603 1592 Τροίᾳ
627 1495 736 1594 χέρας
760 1492 889 1589 λαβὼν
906 1491 1220 1592 Ἀνδρομάχην
1181 1524 1248 1590 την

128 1604 300 1713 Εκτορος
323 1621 503 1717 γυναῖκα,
540 1615 703 1691 παῖδα”
682 1637 803 1691 ετεκεν
827 1619 866 1700 ἐξ
889 1618 1003 1711 αὐτῆς
1027 1617 1247 1694 Μολοττόν

137 1737 295 1837 ὕστερον
320 1737 402 1813 δεέ
386 1739 564 1842 ἐπέχημεν
583 1736 780 1839 Ἑρμιόνην
805 1738 875 1834 τὴν
899 1738 1099 1817 Μενελάου
1125 1746 1250 1845 θυγα-

137 1866 236 1960 τέρα.
289 1860 397 1946 δίκας
422 1861 463 1938 δὲ
488 1860 670 1963 πρότερον
688 1861 834 1960 ᾗτηκώς
851 1870 916 1960 τῆς
931 1864 1118 1958 Ἀχιλλέως
1142 1867 1248 1942 ἀναι-

138 1985 271 2085 ρέσεως
303 1985 372 2064 τὸν
405 1989 446 2064 ἐν
476 1992 636 2088 Δελφοῖς
663 1985 894 2082 Ἀπόλλωνα,
936 1983 1049 2061 πάλιν
1081 1987 1249 2064 ἀπῖλθεν

138 2109 197 2185 ἐπὶ
221 2110 264 2185 τὸ
287 2107 534 2210 χρηστήριον,
559 2108 807 2208 μετανοήσας,
833 2115 896 2186 ἵνα
920 2109 1105 2187 τὸνθεόν
1132 2111 1249 2196 ε’ξιλά-

139 2259 257 2328 σηται.
310 2231 522 2328 ζηλοτύπως
553 2233 591 2309 δ’
619 2238 756 2330 έχουσα
788 2235 879 2336 πρὸς
904 2235 972 2330 τὴν
992 2233 1250 2334 Ἀνδρομάχην

82 2456 87 2468 Ι
137 2358 161 2452 ἡ
186 2355 332 2452 βασιλὶς
356 2355 571 2456 ἐβουλεύετο
596 2360 682 2434 κατ’
707 2360 822 2454 αὐτῆς
847 2357 1037 2448 θάνατον,
1062 2387 1251 2458 μεταπεμ-

138 2482 288 2581 φαμένη
320 2480 388 2558 τόν
412 2483 628 2559 Μενέλαον·
661 2484 684 2577 ἢ
711 2482 752 2558 δὲ
784 2483 827 2558 τὸ
853 2482 1004 2559 παιδίον
1027 2481 1100 2581 μὲν
1124 2483 1251 2568 ὑπεξέ-

138 2609 277 2700 θηκεν,
304 2605 398 2701 αὐτὴ
425 2605 466 2682 δὲ
491 2607 702 2710 κατέφυγεν
725 2607 784 2683 ε’πῖ
807 2607 851 2682 τὸ
875 2606 977 2707 ἱερὸν
1000 2615 1066 2702 τῆς
1094 2606 1250 2691 Θέτιδος.

140 2732 175 2805 οἱ
207 2729 248 2806 δι’
281 2730 364 2830 περὶ
393 2730 462 2806 τὸν
490 2731 689 2808 Μενέλαον
720 2731 785 2806 καὶ
814 2731 856 2806 τὸ
891 2730 1043 2808 παιδίον
1076 2732 1248 2832 ἀνεῦρον,

138 2854 202 2929 καὶ
241 2854 385 2948 ἐκείνην
424 2851 680 2956 ἀπατήσαντες
718 2852 935 2957 ἀνήχειραν·
977 2854 1041 2929 καὶ
1073 2853 1251 2956 σφάττειν

137 2977 329 3076 μέλλοντες
364 2977 598 3076 ἀμφοτέρους
629 2979 895 3072 ἐκωλύθησαν,
930 2979 1086 3073 Πηλέως
1118 2981 1252 3075 ἐπιφα-

139 3101 276 3187 νέντος.
333 3102 525 3184 Μενέλαος
555 3101 626 3200 μὲν
664 3100 734 3179 οὖν
767 3102 936 3197 ἀπῆλθεν
968 3107 1019 3186 είς
1050 3098 1251 3200 Σπάρτην·

136 3226 309 3326 Ἑρμιόνη
335 3226 377 3303 δὲ
401 3223 639 3326 μετενόησεν,
672 3227 924 3325 εύλαβηθεῖσα
947 3225 1017 3322 τὴν
1042 3225 1253 3327 παρουρίαν

140 3357 211 3424 τοῦ
232 3351 498 3448 Νεοπτολέμου.
551 3349 852 3453 παραγενόμενος
866 3350 907 3427 δὲ
925 3352 1096 3448 Ὀρέστης
1111 3347 1252 3450 ταύτην

140 3472 211 3572 μέν
242 3469 410 3576 ἀπήγαγε
442 3472 587 3571 πείσας,
624 3475 869 3576 Νεοπτολέμῳ
902 3471 943 3548 δέ·
971 3469 1251 3569 ἐπεβούλευσεν·

142 3600 187 3674 ὃν
214 3597 278 3673 καὶ
303 3598 538 3698 φονευθέντα
571 3607 744 3699 παρῆσαν
770 3600 806 3672 οἱ
831 3598 1016 3697 φέροντες.
1068 3600 1190 3692 Πηλεῖ
1213 3586 1267 3672 δέ

140 3722 311 3821 μέλλοντι
336 3723 404 3799 τὸν
423 3722 559 3823 νεκρὸν
578 3726 735 3822 θρηνεῖν
757 3723 859 3806 Θέτις
880 3725 1099 3821 ἐπιφανεῖσα
1121 3728 1256 3796 τοῦτον

141 3846 212 3945 μὲν
237 3851 278 3923 ἐν
298 3841 461 3947 ’Δελφοῖς
486 3848 633 3932 ἐπέταξε
659 3843 787 3946 θάψαι
793 3901 806 3935 ,
840 3845 909 3941 τὴν
935 3845 976 3922 δὲ
996 3841 1254 3943 Ἀνδρομάχην

143 3977 193 4054 ελς
223 3971 449 4056 Μολοσσούς
485 3973 698 4047 ἀποστεῖλαι
730 3969 824 4070 μετά
855 3978 925 4045 τοῦ
950 3965 1101 4055 παιδός,
1139 3966 1257 4041 αὐτὸν

144 4093 185 4168 δὲ
211 4081 428 4172 ἀθανασίαν
455 4096 739 4198 προςδέχεσθαι·
781 4096 946 4189 τυχόντα
977 4093 1019 4168 δι’
1044 4087 1182 4183 ταύτης
1207 4175 1216 4188 ,

144 4219 347 4320 Μακάρων
375 4219 512 4317 νήσους
536 4221 756 4317 ολκήσειν.**)

227 4485 259 4561 ¹⁹⁶)
283 4487 445 4566 Regebatur
466 4486 559 4569 τυχόν
580 4504 609 4550 ελ
630 4487 760 4578 ρ’όυησεν,
783 4489 827 4548 vel
850 4484 971 4573 ᾤκισεν,
994 4485 1038 4544 vel
1060 4477 1221 4568 ἀπῴκησεν.

1022 4586 1039 4646 l
1050 4584 1072 4627 ᾗ
