3006 4952
776 278 779 284 ¹
817 324 864 398 ιι

652 509 1021 581 οκΡΑΠΑιΝΑ.

283 657 363 734 οὐκ
378 657 465 745 ohl',
493 657 644 733 ἐκείνων
669 658 708 734 δ’
732 657 909 756 ᾐσθόμην
935 658 1007 762 ἐγὼ
1029 656 1150 734 τάδε·-

282 781 448 881 φροῦδος
471 779 511 855 d'
539 782 598 855 ἐπ’
626 783 743 858 αὐτὸν
768 784 965 865 Μενέλεως
990 779 1120 881 δόμων
1144 782 1229 858 ἄπο.

632 970 717 1040 ΑΝ
719 969 896 1042 ΛΡΟΜ
898 972 935 1038 A
943 971 987 1039 X
990 971 1040 1038 H.

283 1095 487 1195 ἀπωλόμην
511 1097 592 1196 ἄρ’·
619 1095 650 1172 ὦ
676 1099 824 1186 τέκνον,
851 1097 1024 1174 κτενοῦσί
1049 1121 1089 1172 σε

235 1220 407 1301 rodmunt
429 1217 607 1317 λαβόντες
628 1228 752 1323 γῦπες.
804 1222 824 1296 ὅ
849 1221 891 1296 dd
913 1221 1131 1317 κεκλημένος

235 1351 241 1358 ’
282 1345 403 1446 πατὴρ
429 1345 483 1419 ἔτ’
510 1347 551 1420 ἐν
574 1348 751 1445 Δελφοῖσι
776 1348 952 1447 τυγχάνει
975 1347 1113 1443 μένων.

653 1532 1026 1616 ΘΕΡΑΠᾸΙΝᾼ.

272 1666 383 1776 ’δοκῶ
406 1664 481 1766 γὰρ
503 1665 572 1740 οὐκ
599 1661 648 1737 ἂν
674 1657 750 1736 ὧδέ
775 1661 810 1734 o’
839 1660 888 1736 dlv
914 1660 1094 1759 πράσσειν
1119 1674 1255 1753 κακῶς,

282 1787 407 1864 κείνου
433 1784 631 1887 παρόντος·
666 1791 739 1860 νῦν
765 1784 804 1859 ‹l’
832 1785 966 1883 ἔρημος
991 1785 1023 1858 εἶ
1048 1784 1180 1884 φίλων.

631 1917 1040 2042 narremur.

283 2100 369 2178 οὐδ’
397 2099 497 2199 ἀμφὶ
522 2101 676 2195 Πηλέως
700 2098 838 2196 ἦλθεν,
867 2100 918 2184 ὥς
942 2101 1039 2195 ἥξοι,
1067 2099 1195 2206 φοίιιςζἱ

667 2287 811 2358 ΘΕΡΑ
817 2287 896 2358 ΠΛ
904 2290 926 2355 Ι
929 2288 1010 2357 ΝΑ.

239 2413 407 2566 soydpwr
432 2416 569 2498 ἐκεῖνος
593 2416 683 2500 ὥςτε
709 2416 745 2491 o’
772 2417 929 2518 ὠφελεῖν
954 2412 1095 2515 παρών.

284 2677 460 2743 ἕκθιιον’
425 2705 513 2763 γονον
534 2677 631 2744 πόθεν
650 2680 728 2760 ποτ’,
749 2697 854 2765 puncto
873 2687 902 2744 in
920 2685 974 2744 fine
999 2685 1101 2764 posito,
1127 2703 1179 2742 nec
1196 2701 1226 2742 se
1243 2683 1394 2764 quidquam

286 2764 457 2822 diversitatis
495 2785 511 2824 e
546 2765 619 2825 Mss.
648 2765 718 2826 Par.
748 2767 898 2828 adnotasse
927 2765 997 2825 dicit
1024 2765 1156 2844 Lenting'
1130 2787 1202 2825 ems.
1260 2767 1395 2834 Lascaris

286 2857 350 2926 post
369 2842 457 2928 γόνον
478 2860 593 2927 puncto,
618 2850 708 2910 llerv.
729 2853 760 2912 2.
784 2862 814 2910 ct
835 2851 1006 2931 reliquae
983 2870 1065 2928 signo
1086 2848 1280 2926 interrogandi
1296 2849 1396 2908 distin-

286 2941 406 2988 xerunt.
430 2941 514 3009 atque
536 2933 576 2989 ita
597 2934 681 2991 etiam
698 2933 870 2992 Brunckins.
908 2933 1033 2992 Rursum
1051 2933 1145 2990 omnia
1160 2952 1216 2992 una
1232 2933 1395 3011 quaestione

286 3013 433 3072 coniunxit
466 3012 606 3074 Matthiae
634 3017 737 3094 quique
765 3035 829 3074 cum
856 3016 967 3092 sequuti
995 3025 1076 3086 sunt,
1116 3016 1236 3074 mirifice
1263 3025 1396 3074 enervata

287 3097 437 3154 sententia.
483 3095 634 3158 Πὲπυστσι
655 3109 734 3157 recte
740 3096 904 3194 'Pllugkius
926 3095 1049 3154 ostendit
1064 3057 1100 3155 do
1116 3096 1276 3156 Hermiona
1290 3096 1395 3156 dictum

287 3195 369 3246 esse,
401 3186 433 3234 ut
461 3197 543 3254 quam
565 3182 716 3259 praecipue
738 3182 767 3236 in
789 3189 882 3236 mente
904 3176 1009 3242 hahere
1031 3176 1162 3236 debuerit
1180 3177 1394 3239 Andromacha.

287 3258 404 3318 Addere
425 3270 551 3362 poterat,
575 3262 736 3321 confirmari
758 3259 787 3318 id
808 3280 859 3331 eo,
884 3258 959 3338 quod
981 3261 1085 3318 famula
1101 3259 1254 3338 respondet
1311 3262 1399 3333 οὗδος

288 3337 316 3402 d'
341 3337 386 3402 ἐπ’
411 3337 500 3404 αὐτὸν
516 3344 678 3417 Μενέλεως.
716 3344 868 3402 Omisisset
883 3345 958 3403 enim
974 3362 1076 3402 nomen
1091 3341 1230 3415 Menelai,
1254 3283 1327 3402 sPde
1344 3345 1397 3404 hoc
1457 3352 1460 3356 '

287 3423 393 3483 dictum
423 3436 498 3484 esset
525 3425 673 3488 πέπυσται.
721 3427 802 3485 Ηιιοο
830 3429 854 3484 si
879 3437 1038 3505 reputasset
1066 3424 1101 3484 L.
1125 3386 1309 3496 Dindohfius,
1341 3447 1397 3484 non

288 3507 480 3567 contendisset
499 3509 632 3570 πέπυσθε
653 3510 799 3586 scripsisse
820 3507 1006 3584 Euripidem,
1038 3528 1090 3566 nee
1112 3519 1238 3587 putasset
1259 3511 1333 3588 ipsas
1356 3509 1397 3566 la-

288 3592 377 3657 mulos
398 3589 616 3650 Andromachae
638 3610 693 3667 quo
715 3591 816 3647 missus
838 3600 914 3648 esset
934 3609 1005 3668 puer
1026 3592 1131 3649 celatas
1154 3591 1251 3650 luisse.

369 3675 423 3735 71.
467 3671 536 3730 Ald.
562 3673 625 3731 rell.
650 3666 769 3750 ἄπωλόμ
771 3694 814 3732 αν.
849 3671 934 3774 Lasc.
956 3684 986 3731 et
1007 3673 1114 3751 aliquot
1130 3671 1213 3731 codd.
1233 3668 1397 3754 ἀπωλόμην.
1489 3733 1491 3742 χ

370 3757 423 3818 73.
469 3755 585 3833 Fragm.
609 3753 743 3813 Amhros
750 3695 815 3814 μ’ἕπ
841 3749 921 3816 cord.
1066 3814 1070 3824 ,

371 3839 423 3900 75.
470 3839 527 3912 Qui
555 3839 737 3896 vehementer
765 3827 872 3915 aliquid
896 3838 1031 3917 cupiunt,
1064 3837 1147 3896 facile
1171 3840 1255 3896 etiam
1281 3839 1399 3896 insonti·

288 3920 341 3980 hus
371 3921 546 3992 irascuntur,
576 3939 627 4000 per
656 3940 725 3999 quos
748 3920 810 3978 lieri
831 3931 931 3998 putant
952 3929 983 3977 ut
1004 3939 1060 3976 non
1082 3931 1267 3999 assequantur
1290 3921 1395 4000 cupita.
1490 3931 1491 3938 ’

290 4001 366 4063 llinc
393 4003 442 4062 illa
462 4002 717 4062 Andromachae'
709 4024 738 4062 m
759 4001 978 4082 Neoptolemum
1001 4002 1158 4074 acerbitas,
1191 4022 1272 4080 quem
1295 4003 1396 4074 credit,

290 4088 315 4145 si
336 4098 450 4145 curaret
471 4086 574 4156 filium,
599 4106 655 4144 non
677 4096 733 4143 tam
756 4083 803 4142 diu
825 4084 945 4162 Delphis
968 4103 1127 4141 mansurum
1150 4045 1246 4143 luisse.
1296 4083 1328 4144 ld
1351 4107 1400 4165 ap-

290 4181 372 4245 paret
392 4189 429 4228 ex
451 4169 512 4238 his,
538 4164 579 4229 ἔτ’
604 4165 636 4228 ἕν
656 4168 784 4243 Δελφοῖς
804 4164 905 4268 μένων.

372 4253 424 4314 77.
470 4251 564 4308 llavn.
588 4244 720 4310 δοκῶ
688 4272 742 4330 ppo
764 4243 852 4309 οὐδὲν
873 4238 1020 4309 uidlo'sl
1002 4269 1046 4308 αν.

372 4334 425 4393 79.
468 4330 600 4391 Mutandi
616 4273 742 4390 titidind
747 4329 915 4407 Lentingius
936 4326 999 4408 ηξει
1020 4350 1056 4388 ex
1072 4349 1122 4387 sua
1139 4332 1314 4402 coniectura,
1339 4334 1399 4390 sinc

292 4430 410 4482 caussa,
434 4415 488 4472 nisi
510 4416 671 4472 firmaretur
692 4411 755 4470 cod.
780 4411 947 4471 llavniensi.

375 4455 426 4555 etl.
478 4495 634 4565 Matthiae,
656 4494 858 4588 ‘Lentingium
899 4495 1002 4574 aliique
1038 4491 1192 4574 yipmv’
1165 4519 1183 4576 y
1228 4493 1337 4581 ἐκεῖνος
1365 4515 1400 4552 ex
1488 4463 1489 4484 ÷
