3006 4952
796 317 845 385 20

639 497 925 596 ἄντιστροφὴ
950 497 1005 595 β’.

270 613 486 713 οὶκτροτοίτα
512 618 585 720 γὰρ
608 621 727 724 ἔμοιγ’
756 624 879 722 ἔμολες
885 679 897 712 ,
927 622 1038 726 γύναι
1062 624 1191 716 Ἰλιὰς,
1211 628 1349 706 οἴκους·

367 740 558 817 δεσποτῶν
584 742 623 818 d'
651 748 753 842 ε’μῶν
777 745 889 848 φόβῳ

368 866 528 961 ἡσυχίαν
553 871 705 973 ἄγομεν,

369 975 413 1066 ad
438 989 479 1066 dd
506 992 574 1070 σὸν
597 999 709 1097 οἴκτῳ
736 999 901 1106 φέρουσα
925 995 1112 1102 τυγχάνω,

369 1116 421 1212 μὴ
447 1124 533 1202 ,ταῖς
559 1120 584 1193 ei
609 1128 676 1204 τοῖς
701 1119 789 1208 Διὸς
811 1121 926 1225 κόρας

371 1241 429 1315 σοί
451 1243 496 1338 μ’
524 1241 564 1320 εὖ
592 1256 807 1346 φρονοῦσαν
831 1249 930 1349 εὕρῃ.

586 1395 618 1438 ’·
674 1437 974 1510 errorores.
1010 1432 1012 1437 ·

267 1560 409 1660 κόσμον
433 1561 503 1658 μὲν
529 1564 628 1663 ἀμφὶ
653 1567 762 1665 κρατὶ
783 1568 943 1670 χρυσέας
962 1565 1092 1663 χλιδῆς

349 1835 418 1897 145.
463 1830 538 1890 Vide
560 1831 595 1890 ad
617 1855 644 1892 v.
667 1835 738 1899 139.

349 1932 420 1996 146.
463 1930 543 1989 Libri
565 1929 622 2017 laq.
660 1933 836 2005 Brunclrius,
861 1955 942 2014 quem
965 1937 1075 2014 sequuti
1099 1947 1163 1994 sunt
1184 1935 1289 1992 caeteri
1311 1931 1372 1990 edi-

265 2031 352 2087 tores,
375 2014 534 2092 Musgravii
556 2017 745 2075 coniecturam
768 2017 830 2103 εἰδῇ
852 2021 969 2098 recepit.
1014 2017 1055 2076 At
1076 2019 1130 2076 hoc
1152 2019 1294 2076 soloeeum
1314 2029 1369 2087 est,

266 2103 289 2158 si
312 2100 373 2178 quis
396 2099 449 2155 hoc
470 2098 568 2169 verbo,
592 2110 623 2157 ut
642 2099 801 2172 Matthiae,
825 2114 980 2180 cognoscat
1004 2103 1157 2180 significari
1181 2101 1251 2160 uult.
1295 2100 1370 2159 Nam

265 2183 342 2268 εἰδῇ,
370 2181 418 2258 qui
444 2191 488 2239 cst
517 2183 635 2258 perlecti
664 2185 875 2256 coniunctivus,
907 2207 962 2244 non
984 2196 1077 2265 potest
1097 2184 1173 2244 aliud
1195 2205 1277 2264 quarn
1299 2185 1373 2244 scelat

265 2265 436 2346 significare.
488 2263 620 2324 Disserui
649 2266 684 2326 de
713 2267 767 2327 hoc
790 2268 852 2326 loco
874 2268 910 2327 ad
934 2269 1026 2348 lphig.
1052 2269 1140 2328 Taur.
1161 2271 1234 2332 930.
1258 2267 1371 2346 dixique

265 2361 340 2408 stare
362 2367 444 2428 posse
465 2346 515 2432 ἴδῃ
535 2349 629 2410 verbis
650 2351 690 2408 ita
705 2350 862 2423 collocatis,
887 2341 920 2413 εὖ
938 2354 984 2414 ool
1008 2348 1039 2432 p'
1065 2351 1115 2438 leq
1139 2356 1321 2433 φρονοῦσαν,
1342 2352 1371 2408 in

266 2430 341 2511 quod
362 2429 461 2490 incidit
481 2433 566 2490 etiam
587 2431 770 2512 leutiugius,
795 2434 844 2494 sed
861 2437 1024 2515 suspicabar
1040 2448 1133 2495 mareu
1150 2436 1295 2512 scripsisse
1311 2433 1372 2492 Eu-

265 2513 383 2596 ripidem
405 2511 483 2600 cipp.
532 2515 609 2592 Nam
636 2528 667 2576 ut
700 2520 925 2597 transpositionis
953 2520 1102 2578 violentius
1132 2518 1265 2576 auxilium
1289 2535 1371 2595 prae·

265 2611 388 2670 teneam,
420 2600 503 2657 etiam
534 2600 683 2674 collocatio
713 2602 767 2659 istu
787 2602 936 2660 verborum
958 2624 1014 2661 uon
1037 2604 1108 2660 iusta
1130 2611 1189 2673 est,
1221 2600 1370 2658 obscurato

266 2683 314 2742 illa
335 2680 402 2742 sede
424 2701 458 2740 eo
479 2683 582 2756 verbo,
607 2685 686 2743 cuius
707 2685 852 2764 potissima
874 2685 919 2742 hic
934 2686 977 2743 vis
994 2704 1056 2743 esse
1073 2683 1166 2742 debet.
1211 2682 1255 2742 Ea
1271 2702 1371 2741 caussa

265 2766 386 2844 praetuli
407 2761 486 2851 cipp.
529 2767 676 2841 Similiter,
701 2768 749 2826 uhi
765 2769 818 2826 hoc
834 2768 950 2827 verbum
966 2769 1140 2826 communius
1156 2778 1227 2838 erat,
1252 2787 1279 2825 v.
1297 2767 1367 2828 121.

265 2850 318 2908 luit
347 2847 376 2908 id
404 2869 456 2929 pro
484 2851 667 2930 exquisitiore
688 2857 781 2930 τεμεῖν
803 2853 947 2931 scriptum.
1001 2850 1174 2910 Scholiastes
1196 2851 1225 2908 iu
1247 2850 1370 2928 explica-

265 2934 341 2992 tione
362 2931 509 3014 αἴσθηται.

347 3031 418 3095 147.
462 3032 644 3112 Musgravius
670 3045 700 3093 et
728 3035 889 3094 Brunckius
917 3044 982 3093 autc
1004 3034 1078 3091 huuc
1100 3053 1210 3092 versum
1232 3031 1369 3092 excidisse

265 3116 399 3176 nonnulla
425 3117 560 3193 putabant
579 3135 659 3195 ‘quae
689 3117 792 3177 chorus
822 3118 999 3195 loqueretur,
1032 3116 1162 3194 quoniam
1192 3138 1219 3175 v.
1245 3117 1315 3178 154.
1340 3137 1369 3176 se

265 3197 436 3278 respondere
460 3197 569 3259 diceret
591 3199 757 3258 Hermiona.
813 3198 1043 3277 confirmareque
1065 3198 1094 3257 id
1116 3198 1264 3258 videbatur
1288 3198 1369 3258 Mus-

264 3283 362 3360 gravio
389 3282 566 3361 Hesychius,
599 3282 647 3360 qui
676 3276 837 3364 ἆγρεύματοι
858 3302 894 3341 ex
913 3280 1114 3342 Andromacha
1136 3283 1264 3355 afferret,
1297 3282 1369 3362 quod

264 3364 431 3425 vocabulum
459 3386 515 3424 non
542 3366 684 3424 invenitur
704 3367 733 3424 in
755 3367 808 3425 hac
829 3365 986 3444 tragoedia.
1031 3364 1072 3426 At
1093 3387 1127 3426 ea
1148 3367 1222 3425 mala
1243 3377 1287 3426 est
1308 3387 1369 3426 cor-

264 3451 354 3509 rectio
375 3448 503 3522 Musuri,
533 3469 614 3528 quam
637 3448 756 3508 adscivit
776 3448 944 3508 Favorinus.
997 3449 1029 3509 ln
1052 3449 1150 3510 codice
1172 3461 1215 3510 est
1231 3445 1369 3528 Ἀνόρομε
1450 3502 1453 3506 ,

265 3531 375 3590 adiecto
397 3531 581 3613 compendio,
613 3552 668 3610 quo
691 3526 729 3604 ὥς
750 3533 940 3609 significatur,
973 3534 997 3591 si
1019 3546 1097 3594 recte
1119 3535 1189 3611 legit
1209 3530 1365 3589 Schowius.

264 3615 402 3693 Apertum
425 3627 469 3673 est
489 3616 660 3672 nominatam
682 3634 744 3672 esse
765 3613 987 3676 Andromedam.
1037 3617 1202 3692 Hartungus
1225 3615 1252 3670 iu
1275 3612 1368 3690 dispu-

265 3698 371 3756 tatione
393 3696 427 3756 de
449 3697 664 3775 interpolatione
680 3697 825 3778 Euripidis
842 3699 999 3759 fabularum
1016 3697 1146 3757 adiuncta
1160 3695 1276 3754 editioni
1293 3696 1368 3774 lphi-

265 3781 364 3859 geniae
394 3782 422 3838 iu
451 3779 556 3840 Aulide
585 3802 613 3860 p.
631 3782 683 3844 46.
715 3801 749 3840 eo
771 3795 936 3860 argumento
958 3785 1061 3853 utitur,
1094 3779 1168 3860 quod
1189 3778 1263 3837 haud
1286 3779 1367 3839 facile

265 3865 322 3923 ulla
343 3883 464 3943 persona
485 3866 513 3923 iu
535 3884 648 3923 scenam
670 3865 806 3945 prodeat,
836 3868 985 3946 quincius
1007 3863 1141 3923 adventus
1162 3863 1255 3922 verbis
1278 3863 1312 3922 ab
1334 3865 1366 3922 iis

265 3949 313 4026 qui
334 3947 426 4007 adsint
447 3949 631 4028 significetur.
675 3947 846 4029 Plerumque
869 3951 922 4010 hoc
944 3951 990 4019 lit,
1023 3967 1078 4006 nou
1101 3966 1221 4025 semper.
1267 3946 1365 4005 Statim

265 4033 393 4112 exemplo
416 4045 459 4091 est
474 4032 601 4092 Menelai
623 4031 758 4092 adventus
779 4055 807 4093 v.
826 4035 898 4096 306.
942 4030 1081 4089 Matthiae
1098 4030 1281 4089 Hermionam
1299 4033 1366 4090 haec
1473 4095 1474 4100 ,

266 4114 360 4175 dicere
389 4117 505 4196 putabat
532 4117 636 4174 nutrici
666 4117 836 4195 ancillisque
858 4118 931 4175 intus
957 4114 1181 4186 remanentibus,
1213 4134 1365 4192 quaecum

266 4197 410 4258 deterrere
440 4211 557 4259 conane
579 4210 674 4258 essent
694 4219 730 4259 ne
750 4198 978 4259 Andromacham
1000 4209 1057 4257 tam
1079 4198 1198 4276 superba
1220 4208 1363 4269 tractaret,

265 4283 318 4338 hac
348 4285 467 4342 maxime
496 4284 606 4341 ratione
635 4302 718 4354 usae,
751 4281 825 4360 quod
851 4283 1007 4361 periculum
1036 4291 1111 4340 esset
1132 4299 1166 4340 uc
1189 4284 1318 4342 maritum
1339 4293 1365 4340 et
1471 4285 1472 4290 ’

265 4363 380 4421 Pelcum
403 4365 568 4425 offenderet.
617 4364 786 4424 Huiusmodi
814 4365 935 4424 artificia
955 4365 1084 4426 hodierni
1105 4361 1205 4444 poetae
1226 4374 1361 4434 amarunt,

265 4465 320 4503 noa
342 4449 464 4526 antiqu-i,
497 4450 544 4528 qui
566 4449 688 4528 quaein
710 4467 795 4508 scena
815 4460 968 4527 agerentur
989 4453 1117 4527 integra,
1146 4471 1201 4508 nou
1224 4446 1363 4507 dimidiata

266 4527 445 4606 producenda
466 4550 528 4588 csse
551 4531 755 4608 intelligebant.
800 4530 952 4612 lentingio
972 4536 1033 4595 visa
1049 4545 1093 4593 est
1109 4534 1263 4594 Hermiona
1279 4531 1363 4590 tamu-
