3006 4952
768 281 814 352 18

338 463 427 544 ἄκος
451 467 530 535 τῶν
555 457 746 544 διιςλύτων
775 457 903 537 πόνων
927 467 1063 560 τεμεῖν,

239 589 273 692 o‘i
300 585 338 662 oi
364 585 429 662 καὶ
448 581 646 685 Ἑρμιόναν
672 583 765 685 ἔριδι
791 595 952 690 στυγερᾷ
978 595 1221 686 συνεκλῇοαν,

337 709 509 809 τλάμον’,
538 709 637 810 ἀμφὶ
663 711 825 809 λέκτρων
1260 695 1262 700 ’

340 833 514 933 διδύμων
539 835 725 912 ἐπίκοινον
750 840 885 912 ἐοῦσαν

170 979 229 1042 125
339 962 438 1062 ἀμφὶ
464 961 572 1037 παῖδ’
594 962 792 1056 Ἀχιλλέως.

605 1095 896 1196 ἂντιστζνοφὴ
922 1092 975 1171 α’.

236 1221 361 1321 γνῶθι
382 1215 515 1316 τύχαν,
545 1217 689 1323 λόγισαι
707 1220 750 1294 τὸ
765 1222 888 1320 παρὸν
908 1219 1038 1309 κακόν,
1066 1225 1116 1304 εἰς
1133 1221 1221 1319 ὅπερ
1237 1218 1344 1316 ἥκεις.

295 1383 297 1385 ·
337 1339 532 1429 δεσπόταις
557 1345 704 1444 ἁμιλλᾷ,

234 1468 338 1552 Ἰλιὰς
363 1465 458 1545 οὖσα
485 1467 596 1570 κόρα,
628 1468 912 1566 Λακεδαίμονος
937 1469 1192 1572 ε’κγενόταισιν.

337 1583 435 1668 λεῖπε
462 1594 656 1692 δεξίμηλον
759 1646 763 1652 ,

169 1740 230 1803 130
337 1717 459 1816 δόμον
483 1729 551 1804 τοῖς
575 1721 728 1804 ποντίας
754 1723 858 1796 θεοῦ.
907 1720 1028 1794 τόσοι

235 1895 513 1914 σ--υι-ὓ-Ι-σ-
523 1897 525 1904 ¹

236 1986 289 2068 τὴν
312 1986 441 2051 ’Arndtio
470 1989 575 2058 dictum
603 2014 658 2052 non
687 2004 799 2074 posset,
829 2011 907 2051 suam
929 1993 1120 2050 coniecturam
1149 1986 1202 2051 τὰν
1222 1994 1339 2094 recepit

238 2073 343 2132 frustra
369 2073 560 2153 obloquens'
552 2076 603 2147 ris,
636 2095 708 2182 quipe
736 2075 876 2134 Matthiae
905 2085 1085 2154 opposuerat.
1137 2069 1260 2133 lllud
1230 2098 1283 2135 ταν
1304 2078 1343 2136 ita

238 2167 344 2215 tantum
361 2157 430 2214 ferri
445 2169 557 2236 posset,
582 2160 606 2218 si
619 2157 673 2219 τόν
681 2155 830 2238 Ἀσιήτιδα
846 2177 898 2238 per
915 2157 994 2218 sede
1009 2157 1340 2229 Andromachadictum‚

238 2238 340 2320 γένναν
361 2249 455 2298 autem
477 2238 639 2300 declarandi
661 2262 761 2300 caussa
783 2241 907 2300 additum
923 2253 1009 2314 esset,
1033 2253 1064 2300 ut
1080 2243 1253 2320 significaret
1271 2239 1344 2306 κατὰ

238 2322 358 2404 γένναν,
381 2321 455 2400 quod
477 2324 539 2402 quis
561 2325 673 2402 estqui
694 2346 750 2384 non
772 2324 867 2383 videat
888 2344 969 2403 quam
992 2326 1168 2384 invenustum
1189 2327 1247 2384 siti

320 2422 390 2483 121.
436 2421 504 2482 Par.
523 2421 647 2484 Ε.Α10.
666 2419 965 2506 ιε11.ιιόνιινεόρεῖν.
997 2424 1064 2483 Par.
1080 2424 1119 2482 A.
1139 2423 1232 2482 Havn.
1251 2423 1339 2522 Taur.

237 2506 333 2565 Guelf.
357 2504 443 2564 Lasc.
465 2502 563 2570 πόνων
584 2513 685 2586 τεμεῖν.
723 2507 791 2568 Par.
810 2508 847 2568 B.
866 2509 946 2568 Flor.
964 2508 1002 2567 A.
1024 2509 1072 2571 10.
1094 2509 1143 2569 15.
1174 2513 1268 2586 τεμεῖν
1288 2531 1342 2570 aro

235 2612 302 2650 νων.
347 2584 395 2649 Sic
417 2590 502 2648 etiam
523 2590 593 2650 Par.
611 2589 651 2648 Β.
670 2591 720 2651 sed
742 2593 842 2651 litteris
863 2594 917 2671 βα
933 2589 1128 2668 superscriptis
1150 2588 1307 2650 ordinem
1299 2613 1342 2649 ιιι-

239 2671 401 2732 vertendurn
424 2672 561 2733 indicans.
607 2672 702 2734 Etiam
724 2676 889 2736 scholiastes
911 2674 980 2751 legit
999 2695 1100 2751 ιεμειν.

319 2772 390 2835 122
436 2772 520 2834 Lasc.
540 2784 569 2832 et
581 2794 663 2853 pauci
655 2773 761 2833 '.codd
773 2772 954 2834 συνέκλεισαν
962 2791 1012 2851 pro
1021 2773 1135 2850 vulgato
1144 2769 1340 2854 συνεκληισιιν

318 2873 390 2936 123.
435 2871 504 2932 Ald.
530 2873 593 2934 rell.
619 2878 691 2953 nep
692 2896 734 2935 ον.
772 2872 860 2932 Taur.
886 2877 1000 2951 τλῆμον.
1043 2869 1112 2931 Par.
1137 2871 1175 2932 Ε.
1201 2873 1281 2935 ΕΙοι.
1307 2876 1337 2936 2.

234 2955 314 3017 Vict.
334 2956 417 3015 Lasc.
436 2951 507 3036 τλόμ
509 2979 558 3018 ων.
598 2956 667 3017 Par.
671 2898 724 3016 μ.Α
743 2953 779 3014 Β.
798 2955 877 3014 Flor.
896 2953 935 3014 A.
958 2957 1005 3018 10.
1025 2957 1075 3017 15.
1094 2956 1189 3017 Havn.
1206 2954 1278 3038 τλόμ
1280 2982 1340 3020 ovo.

236 3037 332 3098 Guell.
356 2981 507 3119 τλήμονα.μ
528 3039 663 3120 Plerique
685 3040 807 3100 editores
829 3039 983 3118 probarunt
1004 3041 1172 3099 vocativum.
1213 3041 1341 3101 Accusa-
1391 3105 1404 3132 ἦ

235 3125 331 3181 tirum
344 3134 512 3202 receperunt
533 3123 694 3184 Brunckius
716 3135 745 3184 et
760 3123 937 3199 Lentingius,
962 3131 1061 3179 contra
1077 3143 1159 3200 quern
1176 3124 1204 3182 in
1221 3143 1341 3184 censura
1404 3133 1408 3139 “
1492 3131 1495 3142 ’

232 3205 387 3285 disputavit
407 3205 571 3284 plagatus,
595 3227 626 3268 re
648 3229 703 3266 non
717 3215 874 3286 perspecta.
919 3203 986 3264 Non
1008 3215 1052 3263 est
1073 3208 1146 3264 enirn
1169 3203 1200 3266 σὲ
1215 3201 1341 3286 τλόμονιι

235 3290 360 3366 coniung
340 3287 477 3361 uentum,
502 3290 551 3350 sed
573 3286 698 3371 τλάμονα
719 3309 771 3370 per
791 3289 992 3371 appositionem
1014 3289 1172 3363 adiectum,
1195 3291 1270 3369 quod
1291 3311 1341 3351 ex-

235 3374 357 3452 plicatur
384 3375 565 3451 sequentibus
594 3375 702 3446 verbis,
731 3374 880 3444 mt'seram,
911 3393 993 3452 qoam
1021 3379 1228 3435 communiente
1249 3388 1339 3436 torum

232 3477 297 3515 οιιιιι
317 3457 470 3516 Hermone
492 3469 633 3537 oporteat.

154 3609 156 3615 .
318 3555 389 3616 128.
434 3554 503 3616 Par.
527 3556 565 3615 A.
589 3567 622 3614 nt
642 3553 808 3631 Lentingius
829 3553 879 3624 ait,
904 3551 1073 3636 ἔγγινὲταισι
1093 3575 1155 3614 cum
1173 3557 1269 3633 glossa
1289 3577 1340 3615 τιο-

233 3633 363 3716 λίταιςῆ
385 3635 521 3743 ἕκγονοις
556 3637 680 3697 Lusci
681 3661 699 3698 κ
718 3635 852 3721 γενέτῃσι.
894 3635 963 3697 Par.
982 3639 1018 3698 B.
1037 3639 1116 3698 Flor.
1134 3637 1173 3697 A.
1194 3640 1225 3699 2.
1248 3639 1336 3696 Taur.

234 3721 369 3780 Gunell’
356 3721 521 3805 ενγενέτγσι.
551 3722 645 3779 Havn.
669 3703 862 3802 ἕγγενέταισιν.
890 3721 958 3780 Ald.
977 3723 1040 3781 rell.
1059 3719 1242 3802 inperitorum,
1265 3718 1339 3800 quod

234 3805 396 3864 Brunclrius
419 3806 505 3864 etiarn
534 3805 562 3863 iu
589 3804 658 3864 Par.
680 3805 721 3864 A.
745 3823 807 3864 esse
828 3803 911 3864 dixit
956 3805 1023 3863 Non
1045 3803 1195 3862 barbarum
1216 3815 1278 3876 est
1309 3815 1340 3862 nt

234 3887 366 3966 Ptluglcio
388 3889 494 3958 risum,
524 3888 599 3966 quod
619 3888 787 3966 Lentiugius
807 3887 897 3948 edidit
917 3886 1088 3972 ἐγγενὲτγσι,
1115 3886 1165 3946 sed
1187 3907 1271 3985 quum
1293 3907 1339 3948 res

209 4047 210 4050 ο
234 3993 290 4032 non
318 3930 532 4031 Lacedaemdne
561 3983 677 4051 agatur,
709 3992 765 4032 uon
791 3982 909 4053 apparet
934 3991 986 4029 cur
1006 3947 1156 4048 iddigenae
1177 3971 1270 4051 potius
1291 3983 1340 4030 aut

233 4057 310 4116 cives
339 4053 575 4129 Lacedaemonis,
612 4076 695 4136 quarn
724 4055 802 4114 illinc
834 4053 945 4115 oriundi
974 4051 1105 4113 dicantur
1131 4052 1282 4114 Menelaus
1310 4066 1340 4116 et

234 4139 402 4198 Hermiona.
448 4137 566 4216 Signum
588 4138 781 4238 interrogandi
802 4138 1003 4216 aMusgravio
1024 4150 1170 4236 acceptum
1192 4151 1340 4200 servarunt

232 4221 368 4282 editores.
420 4219 461 4280 At
489 4224 573 4282 etiam
602 4225 664 4284 sine
669 4224 905 4327 interrogatione
926 4221 997 4280 haec
1019 4224 1144 4302 graviter
1164 4219 1240 4282 dicta
1260 4234 1336 4294 sunt,

234 4315 266 4363 ut
286 4302 459 4364 declarantia
480 4305 550 4364 illud
569 4299 681 4388 λόγισαι
701 4300 733 4369 τό
755 4302 850 4389 παρὸν
869 4300 968 4368 κακόν.

317 4400 388 4462 130.
433 4402 501 4464 Par.
519 4405 557 4464 Ε.
576 4405 655 4466 Flos.
674 4408 705 4469 2.
723 4405 808 4466 Lasc.
826 4410 878 4478 τᾶς
892 4407 1013 4468 κοντόον
1026 4409 1108 4478 θεᾶς.
1135 4405 1232 4468 Gneli.
1247 4406 1334 4464 Tanr.

232 4483 422 4556 ιᾶςνιοντίας
437 4491 520 4558 θεᾶς.
556 4487 690 4570 Plerique
706 4488 789 4549 codd.
809 4510 872 4550 cum
884 4489 953 4549 Ald.
973 4491 1087 4550 rell*
1051 4513 1104 4564 τας
1120 4491 1239 4561 ποντίας
1252 4491 1336 4553 θεοῦ.
