2982 4948
659 294 708 370 69

230 475 433 579 εὐδόκιμον
458 478 479 556 ό
503 475 592 562 Διὸς
612 477 683 561 ἶνις
708 477 901 579 άμφέβαλε
926 475 1045 584 φόνῳ,

228 604 359 682 κοινὰν
382 602 454 680 τόν
478 605 646 681 εὔκλειαν
665 604 790 700 ἔχοντ’

182 782 184 786 -
229 725 417 831 Εὐρώπαν
442 727 658 830 ἀφικέσθαι.

553 916 810 992 ΤΡΟΦΟΣ.

129 1036 160 1114 ὦ
184 1036 358 1144 φίλτατοι
382 1041 574 1142 γυναῖκες,
597 1039 647 1123 ὡς
671 1039 790 1116 κακὸν
819 1049 924 1140 κακῷ

127 1160 308 1260 διάδοχον
331 1165 372 1240 ε’ν
395 1162 481 1260 τῇδ’
507 1163 626 1264 ἡμέρα
651 1161 885 1264 πορσύνεται.

127 1290 302 1366 δέσποινα
323 1287 397 1400 μὰρ
424 1289 510 1364 κατ’
536 1289 660 1380 οἶκον,
682 1267 1008 1392 Ἑρμιόνηνλέμω,
1030 1315 1038 1335 ’

128 1412 267 1515 πατρός
289 1416 328 1490 τ’
355 1416 591 1514 ἐρημωθεῖσα
616 1415 771 1514 συννοίᾳ
797 1415 843 1488 θ’
871 1413 951 1511 άμα
1041 1487 1045 1494 ,

129 1541 210 1617 οῖον
233 1538 413 1638 δέδρακεν
434 1540 560 1640 ἔργον·
592 1535 851 1638 Ἀνδρομάχην
872 1541 1022 1613 κτανεῖν

129 1664 193 1741 καὶ
218 1663 335 1740 παῖδα
358 1658 613 1760 βουλεύσειαν,
640 1665 846 1740 κατθανεῖν
870 1663 981 1752 θέλει,

128 1787 240 1867 πόσιν
255 1788 440 1889 τρέμουσα
447 1842 459 1876 ,
486 1787 539 1885 μὴ
566 1788 651 1865 ἀντὶ
676 1797 755 1866 ταῖν
780 1787 1022 1888 δεδραμένων
1101 1783 1104 1790 ’

129 1917 170 1991 ἐκ
188 1914 310 1992 τοῖνδ’
337 1912 479 2012 ἀτίμως
499 1910 688 2012 δωμάτων
713 1915 916 2008 ἀποστολῇ,

128 2039 152 2137 ἢ
176 2037 370 2138 κατθάνῃ,
395 2037 592 2116 κτείνουσα
616 2037 711 2120 τοὺς.
730 2039 775 2113 οὐ
796 2035 869 2136 χρὴ
895 2042 1054 2114 κτανεῖν.

131 2337 324 2423 εόδόκιμος’
305 2366 322 2405 ο
327 2336 417 2415 Διὸς
438 2334 494 2414 ἶνις
516 2353 615 2400 contra
637 2342 726 2420 legem
750 2341 862 2420 linguae
889 2327 992 2403 dictum
1021 2356 1114 2416 esset,
1143 2343 1232 2404 deleri
1289 2377 1293 2392 ·

130 2427 277 2487 νοΙεΙιιιιιι
305 2424 379 2485 unde
400 2426 555 2485 omiserunt
575 2446 639 2485 eum
659 2425 800 2486 Matthiae
820 2427 936 2506 aliique
984 2426 1026 2486 At
1054 2386 1231 2487 scribendum

131 2522 193 2571 erat
221 2505 393 2589 εὐδόκιμον,
419 2509 494 2588 quod
523 2521 600 2569 esset
625 2508 661 2568 de
688 2509 777 2567 Troia
806 2507 922 2569 dictum.
973 2509 1092 2570 Pelei
1084 2531 1113 2569 ιιι
1141 2513 1232 2592 prima

129 2594 234 2654 Troiae
255 2594 462 2673 expugnatione
483 2613 597 2672 operam
624 2613 642 2652 a
662 2591 788 2652 Pandaro
816 2595 960 2674 accepisse
982 2593 1145 2675 Euripidem
1175 2607 1232 2656 tra-

130 2677 172 2737 dit
192 2679 368 2738 scholiastes.
411 2677 482 2738 Vid.
505 2676 624 2738 Pindari
646 2677 747 2756 fragm.
772 2679 844 2741 158.

212 2777 285 2840 780.
330 2776 539 2836 Guelf.Taur.
566 2777 645 2835 Flor.
671 2774 710 2834 A.
736 2775 787 2837 10.
820 2777 871 2838 15.
900 2773 1231 2877 Ιι11ι1.ιοΙΙ.Ειίροίταν.
1266 2755 1268 2762 ¹

130 2862 216 2920 Lasc.
233 2859 303 2918 Par
319 2857 356 2916 E.
372 2858 452 2916 Flor.
475 2860 507 2921 2.
531 2859 625 2916 Havn.
643 2858 723 2919 Vict.
747 2857 832 2917 Lasc.
849 2855 938 2939 Εόρ
916 2882 1007 2932 ωπαν,
1028 2859 1078 2919 sed
1094 2860 1211 2920 Lasc.
1203 2883 1231 2920 m

132 2964 212 3021 marg
213 2945 284 3001 ine.
278 2965 312 3023 ..γ
330 2935 480 3021 Ευρωταν.
513 2940 553 3000 Et
574 2941 676 2998 tuitio
690 2940 839 2999 Thessalia
861 2884 1054 3020 quillomero
1074 2942 1232 3002 Titaresios

132 3025 235 3084 dicitur
256 3021 337 3082 Iliad.
354 3023 393 3082 11.
411 3027 484 3086 751.
507 3023 629 3083 Eurotas
650 3034 766 3082 locatus
787 3034 858 3081 teste
874 3023 1013 3082 Strabone
1034 3025 1088 3083 lX.
1112 3046 1141 3103 p.
1157 3025 1229 3088 440.

132 3129 219 3188 aquas
241 3105 410 3166 effundens
402 3129 431 3165 ιιι
447 3107 584 3168 Peneum.
627 3105 725 3165 Non'
717 3125 741 3164 rs
763 3117 855 3166 tannen
878 3117 942 3186 apte
958 3109 1150 3167 nominaretur
1171 3109 1231 3168 sine
1315 3104 1317 3108 ’

131 3194 226 3272 aliquo
248 3191 390 3270 epitheto,
415 3212 470 3271 quo
492 3193 527 3251 ah
551 3191 693 3249 Laconiae
715 3191 799 3248 lluvio
817 3188 1041 3265 discerneretur,
1065 3194 1230 3272 praesertim

132 3278 161 3334 in
183 3273 328 3352 tragoedia
349 3294 483 3353 personas
498 3272 736 3334 Lacedaemonias
752 3273 883 3332 habente.

170 3404 173 3408 ·
214 3375 287 3436 781.
332 3374 413 3447 Quae
434 3375 480 3432 hic
503 3374 603 3432 mulier
624 3371 821 3444 introducitur,
846 3367 1011 3452 θεράπαινα
1032 3375 1059 3432 in
1083 3373 1161 3433 lihris
1182 3396 1232 3434 uo-

133 3459 267 3529 cabatur,
297 3476 388 3536 neque
410 3457 438 3515 in
460 3455 552 3515 indice
574 3476 756 3536 personarum
778 3454 911 3514 distincta
932 3467 994 3514 erat
1013 3477 1030 3516 a
1051 3457 1155 3516 lamula
1170 3455 1232 3516 An-

82 3535 85 3546 ’
133 3542 312 3602 dromachae.
356 3537 425 3598 Meo
447 3541 553 3598 monitu
574 3539 714 3598 Matthiae
735 3540 832 3618 etqui
854 3537 986 3617 deinceps
1003 3537 1231 3599 Andromacham

131 3625 295 3697 ediderunt,
318 3618 428 3703 τροφός
448 3643 578 3701 posuere,
603 3622 677 3704 quod
699 3623 783 3681 hahet
799 3623 896 3681 etiam·
912 3621 1002 3682 codex
1019 3622 1088 3683 Par.
1107 3623 1231 3684 Hardio-

133 3711 191 3781 nii,
222 3719 252 3768 et
280 3709 354 3767 inira
383 3705 494 3806 quidam
523 3706 598 3765 libri.
649 3705 797 3766 Nutricem
825 3706 898 3764 enim
923 3707 1097 3766 Homnionae
1117 3726 1180 3767 essc
1201 3720 1231 3767 et

133 3812 225 3852 sermo
254 3791 400 3850 familiaris
429 3792 590 3869 utriusque,
622 3800 651 3848 et
681 3787 755 3868 quod
784 3787 965 3867 distinguitur
991 3792 1091 3848 mulier
1120 3792 1174 3849 ista
1194 3792 1229 3848 ah

130 3875 305 3934 Hermionae
327 3873 483 3947 famulitio,
515 3884 671 3932 monstrare
687 3883 808 3976 poterat.
859 3872 939 3932 Flor.
962 3875 994 3935 2.
1018 3873 1114 3932 Gueli.
1139 3873 1228 3932 Taur.

133 3956 202 4018 Ald.
226 3958 289 4016 rell.
312 3953 405 4020 κακόν
422 3962 527 4030 κακοῖς.
576 3955 670 4016 Ηενιι.
693 3950 785 4018 κακόν
804 3960 920 4030 κακοῖν,
941 3967 973 4015 ut
995 3955 1126 4033 Scaliger
1144 3957 1226 4019 etls.

130 4041 277 4103 Vossius.
297 4040 392 4100 Lasc.
416 4053 446 4100 et
465 4041 572 4103 caeteri
593 4038 676 4099 codd.
699 4035 803 4102 κακόν
810 4044 901 4122 κακῷ.

215 4126 288 4203 789.
347 4137 416 4197 Ald.
447 4141 510 4199 rell.
534 4141 614 4199 Flor.
640 4137 680 4198 A.
706 4139 802 4198 Guell'.
827 4138 915 4196 Taur.
941 4137 1036 4196 llavn.
1069 4137 1228 4201 κτείνουσα.

135 4225 203 4284 Ροι.
219 4223 256 4281 Β.
274 4222 311 4281 E.
330 4223 409 4280 Flor.
432 4223 464 4284 2.
487 4223 538 4285 10.
562 4227 612 4286 15.
629 4223 709 4286 Vict.
727 4223 812 4282 Lasc.
834 4221 975 4282 κτείνασα.
1015 4219 1128 4280 Deinde
1144 4221 1229 4283 Laso.

135 4306 204 4369 Ald.
229 4307 292 4365 rell.
321 4299 389 4377 τοὺς
416 4299 451 4365 οὗ
473 4299 524 4384 χρὴ
546 4313 657 4368 θανεῖν.
700 4305 757 4365 Sed
773 4304 842 4363 Par.
867 4303 906 4362 A.
931 4304 967 4362 B.
992 4304 1086 4364 Havn.
1109 4313 1232 4382 κτανεῖν,

136 4403 166 4452 et
181 4390 265 4448 Lasc.
283 4391 311 4447 in
329 4389 454 4466 margine
473 4411 509 4468 ,μ
531 4397 659 4452 maasia:
683 4391 769 4469 quod,
792 4389 882 4467 iuquit
895 4387 1046 4461 Matthiae,
1070 4390 1141 4448 mt‘lti
1152 4395 1233 4450 ιοιίοε

136 4494 232 4536 uerum
252 4473 374 4534 valletur.
422 4472 568 4549 Quomodo
585 4475 657 4533 enim
673 4473 873 4535 Andromache
893 4483 922 4532 el
932 4472 1019 4551 filius
1038 4473 1100 4534 dt'ct'
1113 4486 1233 4554 possunt
