2982 4948
837 273 992 402 oax

307 509 371 608 ἐλᾷ
396 507 450 584 δι’
476 512 591 584 οἴκων
612 508 731 586 τῶνδ’
756 509 961 596 ἐπισπάσας
984 508 1121 611 κόμης,

258 657 275 689 s
307 637 341 708 εί
365 638 506 730 στεῖρος
525 633 621 710 οὖσα
644 632 783 733 μόσχος
808 637 878 714 οὐκ
903 637 1068 724 άνεξειαι

262 757 500 843 τίκτοντος
525 760 679 850 ἄλλους,
705 759 775 838 οὐκ
800 763 925 859 ἐχοοο’
953 763 1047 859 αὕτη
1072 763 1197 840 τέκνα.
1225 841 1242 862 f

237 855 391 960 moottt'
417 889 449 958 ελ
473 883 518 960 τὸ
542 885 664 981 κείνης
687 885 859 984 δυςτνχεῖ
883 887 1032 966 παίδων
1056 886 1226 989 πέρι,
1230 873 1235 884 ¹

309 1007 515 1093 ἄπαιδας
493 1018 592 1106 ημᾶς
616 1010 675 1086 δεῖ
694 1019 922 1108 καταστῆναι
942 1013 1103 1103 τέκνων,·

225 1192 227 1200 .
308 1131 514 1234 φθείρεσθε
539 1132 665 1228 τῆςδε,
692 1134 832 1233 δμῶες,
860 1137 911 1222 ὥς
936 1136 986 1214 δν
1011 1137 1169 1236 ἐκμάθω

309 1263 344 1334 εἴ
365 1259 422 1344 τίς
443 1288 489 1358 με
515 1254 617 1335 λύειν
638 1256 751 1354 τήνδε
776 1259 933 1338 κωλύσει
950 1263 1073 1362 χέρας.

309 1384 435 1484 ἔπαιρε
460 1380 619 1480 σαυτήν·
656 1384 707 1469 ota
731 1384 816 1490 ἐγώ,
842 1386 973 1488 καίπερ
999 1388 1158 1486 τρέμων,

167 1527 170 1532 ’
237 1520 300 1587 705
309 1507 466 1593 πλεκτὰς
488 1505 659 1607 ἱμάντων
684 1510 889 1612 στροφίδοις
916 1511 1151 1614 ἐξανήσομαι.

309 1630 396 1720 ὧδ’,
425 1630 456 1720 ὦ
482 1630 652 1725 κάκιστε,
674 1635 779 1733 tried*
807 1634 977 1736 ἐλυμήνω
999 1639 1113 1739 χέρας
1120 1669 1134 1729 ;

306 1759 407 1856 βοῦν
432 1757 457 1854 ἢ
481 1760 605 1836 λέοντ’·
628 1760 774 1867 ἤλπιζες
799 1762 972 1840 ἐντείνειν
994 1762 1148 1863 βρόχοις
1155 1795 1169 1854 ;

306 1883 331 1981 ἢ
355 1883 409 1983 μὴ
437 1883 542 1986 ξίφος
566 1887 733 1986 testoni&
761 1885 1000 1986 άμονάθοιτιί
1021 1913 1061 1965 σε

308 2010 450 2095 ἔδεισας
457 2040 471 2101 ,·
510 2013 595 2113 ἕρπε
619 2012 660 2089 δε
927 2009 937 2041 ’

237 2133 439 2222 Ίιοξάλλυε
461 2136 602 2236 μητρὸς
627 2137 751 2238 δέσμ’·
783 2139 838 2215 ἔτ’
866 2141 906 2215 ἐν
932 2137 1044 2239 Φθίᾳ
1069 2139 1107 2215 o'
1134 2140 1207 2243 ἐγὼ

307 2324 590 2342 -ι-ι-Ιι-

309 2447 374 2508 dum
395 2443 550 2529 putabat“
533 2442 611 2546 oy’.
661 2448 695 2508 ld
716 2451 788 2510 hanc
810 2453 977 2511 sententiam
999 2451 1132 2530 praebet,
1167 2473 1206 2510 en
1234 2473 1279 2514 me
1307 2457 1427 2533 quidem

310 2553 358 2612 qm
375 2542 461 2593 natus
478 2542 532 2603 est,
556 2531 577 2590 i
595 2551 623 2592 e.
648 2534 696 2630 qui
717 2533 768 2593 tibi
791 2531 934 2593 dissimilis
955 2548 993 2594 eu
1008 2554 1067 2632 qna
1088 2553 1142 2610 ego
1163 2545 1268 2607 mente,
1293 2548 1325 2594 ut
1346 2537 1429 2596 filius

310 2635 399 2688 meus,
423 2625 477 2674 est.
520 2574 607 2674 Haud
628 2617 689 2674 seio
710 2627 804 2676 tamen
826 2637 861 2676 an
883 2618 1029 2697 scripserit
1049 2613 1241 2694 Euripides‘'
1222 2640 1261 2697 qv
1281 2614 1344 2697 τάχ’
1368 2616 1431 2696 ὁῦξ

308 2691 509 2780 ’10157λέ7ωο

392 2798 465 2860 607
508 2792 578 2855 ΑΙδ.
610 2795 674 2854 rell.
707 2793 793 2876 τῆςδ’
825 2793 986 2871 ἐπισπάσας
1013 2792 1112 2904 κόμης.
1162 2797 1248 2856 Lasc.
1277 2809 1307 2857 et
1333 2797 1424 2860 codd.

310 2899 407 2940 ornnes
428 2873 527 2958 τήνδ’.
570 2878 729 2958 Musgravii
756 2879 981 2940 emendationem
1006 2876 1097 2943 τάνδ’
1123 2878 1286 2940 Brunckius
1315 2881 1426 2963 aliique

309 2972 489 3044 receperunt.

392 3063 464 3127 698
509 3057 637 3122 Libri·u
617 3085 637 3142 η
670 3066 786 3166 στείρας.
838 3061 947 3143 Scripsi
980 3061 1008 3125 τί
1039 3071 1156 3142 propter
1183 3061 1318 3122 futurum.
1370 3064 1426 3124 Sic

307 3169 336 3207 v.
362 3148 436 3210 707.
466 3146 552 3205 Lasc.
577 3145 604 3207 εί
622 3141 724 3226 prodi.
768 3145 902 3205 Fortasse
919 3147 1037 3206 mumvit
1059 3146 1171 3224 aliquis,
1196 3147 1244 3224 qui
1266 3141 1305 3224 μὴ
1327 3141 1425 3222 διε-νέξ

307 3254 355 3292 ται
375 3227 524 3288 dicendum
539 3229 625 3288 fuisse
643 3227 783 3288 crederet.
828 3227 886 3288 Sed
903 3241 1000 3309 aperte
1016 3229 1143 3309 positura
1158 3229 1308 3288 verborum
1325 3241 1423 3290 osten-

308 3313 351 3373 dit
371 3314 418 3373 hic
440 3308 496 3374 οὐκ
517 3308 660 3388 tottam,
685 3311 759 3392 quod
781 3323 825 3372 est
845 3333 934 3392 aegre
947 3313 1049 3394 seret,
1073 3311 1129 3371 dici
1152 3310 1293 3372 debuisse.

389 3411 464 3476 700.
507 3410 576 3472 ΑΙδ.
603 3423 632 3472 et
663 3410 728 3471 edd.
754 3422 820 3471 ante
845 3409 998 3472 Canterum
1020 3412 1125 3492 δυςτοχ
1126 3417 1175 3484 εἷς
1222 3410 1363 3472 Canterus
1384 3431 1420 3470 ex

308 3494 424 3554 scholiis
442 3495 510 3568 δοςι
510 3518 588 3574 οχιι,
611 3494 685 3575 quod
707 3496 812 3554 habent
827 3494 912 3554 Lasc.
936 3507 966 3554 ct
987 3494 1071 3555 codd.
1114 3495 1149 3555 in
1168 3495 1258 3555 Taur.
1275 3507 1305 3554 et
1321 3496 1418 3555 Guelf.

309 3579 414 3655 legitur
435 3578 569 3656 διιςιυχεῖ
585 3577 692 3639 τέκνων
713 3575 788 3658 πέρι.

391 3674 465 3737 703.
508 3675 594 3734 Lasc.
624 3675 705 3736 Vict.
736 3670 836 3754 τήνδε,
867 3675 942 3757 quod
972 3688 1003 3734 ut
1024 3677 1190 3755 exquisitius
1211 3687 1241 3736 et
1261 3675 1423 3756 elegantius

309 3757 432 3840 praetuli
454 3769 630 3816 caeterorum
651 3757 787 3818 librorum
809 3761 966 3840 scriptume
987 3759 1080 3837 τῆςδε.

390 3857 465 3920 710.
509 3855 988 3921 Atd.rett.F10r.A.10.15.
1017 3854 1151 3915 Paltd
1176 3856 1212 3916 Β.
1237 3852 1389 3938 ξάλλυεμ
1369 3883 1424 3938 μη-

310 3935 377 4024 τρὸς
392 3934 497 4044 δεσμά·
519 3939 551 4004 ἐν
574 3937 711 4023 Φθίασ’
736 3937 800 4023 tyci.
841 3940 927 4000 Laso
951 3941 1020 4000 Par.
1043 3937 1081 3998 Ε.
1105 3939 1185 3999 Flor.
1203 3942 1234 4002 2.
1258 3942 1338 4003 Vict.
1359 3939 1425 4016 ξιίλ-

309 4033 361 4088 λοε
381 4020 488 4104 μητρὸς
509 4018 604 4103 δέσμ’·
629 4001 710 4085 ἐν
675 4047 710 4108 cp
731 4025 815 4109 oeta
836 4041 854 4086 σ
856 4019 939 4106 ’ἐμά
984 4013 1078 4096 Quum
1094 4022 1278 4083 Homericum
1295 4024 1426 4104 δέσματα

310 4111 346 4170 alt
367 4108 473 4167 Atticis
502 4130 559 4167 non
585 4117 755 4210 usurpatum
770 4086 918 4178 videatur,
949 4107 1096 4186 plerique,
1127 4109 1182 4166 etsi
1203 4102 1312 4186 δεσμὸν
1334 4109 1426 4168 scribi

306 4203 438 4274 poterat,
470 4186 561 4290 δεσμά
587 4184 694 4272 μητρὸς
722 4200 828 4282 ponere
858 4151 1027 4250 masuerum.
1080 4189 1119 4249 Et
1148 4211 1215 4250 sane
1237 4195 1424 4272 transpositio

309 4275 426 4334 duarum
456 4276 651 4354 contiguarum
681 4283 780 4332 vocum
811 4274 984 4332 creberrima
1013 4285 1067 4333 est.
1127 4272 1195 4332 Non
1225 4275 1424 4336 contenderim

310 4369 403 4416 tamen
426 4369 531 4417 certam
554 4377 617 4417 esse
640 4359 711 4416 hauc
736 4355 979 4429 emendationem,
1011 4377 1095 4461 quum
1117 4357 1242 4417 seribere
1264 4369 1349 4438 poeta
1370 4380 1426 4438 po·

311 4442 398 4498 tuerit
414 4436 514 4514 ξίλλοε
534 4435 643 4522 μητρὸς
664 4436 758 4521 σδμ’·
789 4435 831 4502 ἔτ’
853 4439 885 4502 ἐν
908 4436 1044 4524 Φθίρισ’
1069 4437 1132 4524 ἐγώ.
1176 4439 1264 4520 ldquc
1285 4461 1340 4520 ego
1364 4463 1426 4502 non

250 4577 255 4588 ,
312 4523 402 4581 solum
430 4524 495 4600 quia
525 4523 729 4602 quodammodo
760 4525 848 4584 nectit
877 4526 1031 4584 sententias
1060 4523 1251 4604 reponendum
1281 4524 1423 4598 iudicavi,
