2982 4948
809 313 860 388 86

281 499 321 571 ἔκ
341 494 379 570 τ’
404 496 547 572 ἐλειπον
572 497 697 580 οἴκους
738 583 739 590 ¹

162 673 163 676 =
190 619 374 718 λ’01οπρός
398 621 510 697 ἄλλον
534 616 721 718 εὐνότορ’·
754 617 839 713 οὐχὶ
864 617 921 693 σοὶ
944 613 1045 716 μόνη

224 757 226 762 ’
260 741 484 844 ’όόςφρονες
506 744 703 831 ἐπέπεσον,
731 742 777 818 οὐ
802 741 961 841 φίλοισι,
985 750 1116 818 λῦπαι·

280 867 396 945 νόσον
415 867 541 953 Ἑλλὰς
565 871 670 957 ἔτλα,
695 864 828 944 νόσον·

281 994 391 1094 διόβα
416 992 458 1069 δι’
483 981 652 1097 Φρυγῶν
684 987 777 1092 σφιν
801 989 893 1091 πρὸς
917 988 1128 1089 εὐκόρπους
1151 987 1248 1094 γύας

133 1135 172 1186 ⁸·
283 1117 443 1214 σκηπτὸς
468 1115 691 1193 σταλάσσων
710 1115 779 1192 τόν
793 1116 902 1216 Ἅιδᾳ
928 1113 1059 1217 φόνον.
1179 1189 1181 1192 .

702 1324 975 1400 ΠΗΛΕΥΣ.

194 1455 500 1543 101οΦθιῶτιοες
521 1461 713 1562 γυναῖκες,
737 1453 948 1554 ἱστοροῦντί
969 1455 1033 1551 ’μοι

285 1580 500 1690 σημήνατ’·Ι
514 1578 691 1680 ᾐσθόμην
714 1581 788 1686 γὰρ
814 1581 861 1656 οὐ
886 1587 990 1679 σαφῆ
1015 1575 1128 1682 λόγον
1252 1531 1334 1640 ¹²(

285 1706 337 1791 ῶς
360 1706 508 1805 δώματ’
535 1709 737 1782 ἐκλιποῦσα
763 1704 935 1781 Μενέλεω
960 1700 1053 1802 κόρη
1197 1709 1198 1714 ’

286 1827 435 1930 φροόόη
460 1826 567 1906 rotat*
602 1830 682 1926 λη’κω
702 1828 743 1905 δ’
770 1831 954 1927 ἐκμαθεῖν
980 1827 1149 1924 σπουδὴν
1174 1831 1271 1925 ἔχων

286 1961 319 2030 ελ
340 1953 452 2032 ταῦτ’
475 1955 617 2052 ἀληθῆ·
662 1963 741 2032 τῶν
765 1951 839 2057 γὰρ
865 1948 1040 2049 ἐκδήμων
1065 1951 1187 2052 φίλων

197 2085 280 2151 1020
288 2078 348 2155 δεῖ
369 2079 458 2164 τοὺς
482 2080 567 2155 κατ’
591 2079 697 2156 οἶκον
722 2081 834 2163 ὄντας
859 2079 1027 2153 ἐκπονεῖν
1052 2073 1178 2174 τύχας.

731 2292 777 2362 Χ
782 2289 955 2364 ΟΡΟΣ.

289 2421 437 2514 Πηλεῦ,
464 2425 594 2522 σαφῶς
615 2421 792 2515 ἤκουσας·
829 2419 916 2496 οὐδ’
942 2417 1025 2516 ἐμοὶ
1049 2417 1166 2493 καλὸν

289 2539 467 2643 κρύπτειν
494 2548 535 2622 ἐν
559 2544 681 2644 οῖςπερ
701 2544 797 2622 οὖσα
820 2539 998 2647 τυγχόνω
1023 2547 1172 2625 κακοῖς·

246 2649 250 2656 ’
287 2666 458 2765 βασίλεια
481 2667 556 2771 γὰρ
575 2668 696 2745 τῶνδ’
726 2673 865 2764 οἴχεται
888 2665 1013 2769 φυγὰς
1039 2663 1181 2762 (λόγων.

719 2867 991 2942 ΠΗΛΕΥΣ.

291 2995 393 3082 τίνος
416 2997 544 3099 φόβου
568 3011 752 3100 τυχοῦσα,
775 3000 993 3102 διαπὲραινέ
1016 3029 1093 3097 μοι.

290 3351 403 3420 ἔλειπον
424 3356 525 3433 οἴκους
545 3355 619 3442 πρός
639 3355 725 3424 ἄλλον
746 3355 896 3443 εόνότορα.
939 3352 1021 3435 Qu'ae
1043 3358 1174 3439 quoniam
1196 3355 1232 3416 de
1255 3358 1322 3416 solis
1344 3356 1402 3417 diei

290 3451 444 3520 potuerunt
470 3445 588 3524 captivis
609 3445 745 3505 uxoribus
765 3446 971 3516 Troianorum,
1001 3441 1153 3502 ostendunt
1174 3460 1228 3498 ιιοιι
1251 3459 1313 3499 esse
1334 3446 1403 3501 πολ-

290 3521 339 3582 tat
358 3519 504 3588 Ἑλλάνων
521 3527 734 3607 coniungenda,
758 3527 833 3606 quod
854 3528 956 3586 fecisse
973 3525 1085 3586 videtur
1099 3524 1255 3595 Matthiae,
1281 3542 1336 3581 non
1353 3543 1403 3581 σο-

291 3605 384 3682 gitans
407 3606 435 3665 id
455 3604 631 3672 Ἑλλανίὸων
652 3613 757 3670 rectius
781 3608 854 3682 dici,
879 3609 928 3669 sed
950 3604 996 3670 ἄν’
1017 3603 1162 3670 Ἑλλάνων
1178 3602 1314 3688 όιγόρους,
1336 3625 1402 3665 εοε-

291 3697 392 3764 tusque
414 3690 534 3768 intelligi
557 3693 748 3765 Graecorum,
773 3694 802 3752 in
826 3694 927 3773 quibus
950 3695 1077 3773 captivae
1100 3701 1244 3750 matronae
1261 3710 1316 3748 non
1333 3709 1401 3768 prae

202 3850 205 3855 .
291 3767 391 3828 dolore
419 3771 447 3828 in
469 3774 611 3852 pubiicum
633 3787 849 3856 procurrentes,
883 3787 913 3836 ut
933 3774 968 3835 de
989 3774 1090 3854 quibus
1111 3773 1261 3851 Lyeurgus
1280 3771 1351 3830 dixit
1371 3774 1400 3830 iu

292 3864 365 3912 orat.
382 3853 410 3912 in
419 3854 522 3915 [σοον.
543 3859 570 3936 ἕ.
581 3859 633 3921 40.
653 3857 703 3919 sed
717 3871 833 3920 coactae
847 3859 1024 3919 adstiterint:
1044 3879 1072 3916 v.
1083 3856 1168 3933 Virg.
1186 3852 1262 3914 Aen.
1275 3855 1313 3914 11.
1323 3856 1396 3918 766.

374 3970 467 4035 1000.
513 3973 593 4033 Libri
615 3972 647 4036 ἐκ
668 3970 695 4035 δ’
720 3975 833 4039 ἔλειπον
853 3987 882 4036 et
898 3974 930 4038 ἐκ
946 3969 974 4036 t'
993 3972 1100 4035 ἔλιπον.
1143 3970 1306 4030 Brunckius
1323 3981 1401 4030 recte

292 4050 324 4114 ἐκ
340 4046 367 4114 τ’
386 4052 506 4118 ἔλειπον.
550 4055 592 4118 A}
608 4058 700 4117 Ιοοιιιιι
718 4060 846 4132 haberet,
870 4061 895 4118 si
912 4059 1055 4138 legeretur
1070 4055 1102 4115 αἳ
1118 4048 1144 4114 δ’
1165 4051 1277 4116 ἔλειπον
1292 4053 1399 4128 οόιιους.

375 4170 469 4233 1013.
514 4173 594 4233 Flor.
612 4176 672 4236 10.
700 4177 750 4237 15.
786 4174 872 4255 tetta
898 4171 930 4235 δὲ
966 4171 1016 4234 καὶ
1056 4173 1190 4254 Φρυγῶν.
1242 4170 1291 4230 Sic
1316 4171 1400 4230 etiam

292 4251 372 4310 Fior.
410 4251 450 4312 Α.
489 4256 543 4313 nisi
580 4256 654 4335 quod
685 4257 818 4337 διέβαλον
844 4258 949 4320 ,hahet
1017 4253 1131 4314 Caeteri
1161 4252 1244 4312 codd.
1276 4265 1305 4312 et
1333 4252 1397 4312 edd.

291 4331 374 4411 διέβα
403 4333 434 4395 δὲ
463 4339 589 4419 Φρυγῶν
617 4339 667 4402 καλ
694 4336 768 4421 πρὸς
796 4335 961 4420 εόκόρπους
984 4334 1072 4421 γύας,
1102 4357 1173 4416 quae
1203 4338 1297 4417 inepte
1325 4334 1400 4395 dicta

290 4431 353 4471 esse
375 4428 468 4494 patet,
500 4441 583 4498 quum
606 4433 703 4500 aperte
732 4423 767 4482 de
789 4424 929 4482 Graeciae
954 4425 1060 4503 campis
1089 4440 1182 4479 sermo
1211 4421 1258 4478 sit.
1304 4420 1400 4494 Quare

291 4496 482 4572 reponendum
519 4503 573 4560 ruit
602 4501 684 4582 διὲβα
718 4499 751 4566 δὲ
783 4507 909 4586 Φρυγῶν
937 4522 1008 4585 σφιν
1036 4498 1111 4585 πρὸς
1138 4497 1303 4584 εὐκάρπους
1327 4497 1399 4583 γύας
