3006 4952
663 309 728 360 Xlll
785 356 788 362 .

137 480 192 554 ris
218 475 330 578 puniri
364 477 485 570 uellet,
520 501 599 551 casu
631 474 714 548 salvi
749 477 946 573 eraderent,
979 479 1082 552 multo
1113 476 1247 576 gravium

137 596 288 695 peccavit
313 620 376 686 eo,
402 593 490 694 quod
515 594 649 667 illorum
675 594 750 668 loco
776 593 935 688 Peleum,
964 596 1061 668 cuius
1084 605 1246 691 generosa

135 713 374 786 intercessione
407 712 559 811 periculo
591 711 725 784 liberati
757 719 835 784 suut
859 712 1094 785 Andromacha
1119 711 1245 784 eteius

135 830 245 921 filius,
278 829 314 900 iu
347 831 468 902 malurn
501 827 723 920 incidentem,
756 833 790 901 et
821 827 924 900 ueluti
949 853 1074 926 poenus
1098 827 1245 902 iustitiae

135 970 214 1019 suae
246 947 390 1019 luentem
424 944 516 1018 iecit.
568 944 673 1043 quue
702 968 742 1018 eo
769 942 914 1016 deterius
939 953 1007 1037 est,
1041 945 1129 1044 quod
1160 966 1245 1042 quoe

134 1087 222 1135 nuuc
245 1063 395 1161 sequitur
412 1085 490 1159 pars
508 1061 700 1157 tragoediae
718 1060 819 1159 plane
842 1060 941 1133 aliam
959 1071 993 1135 et
1013 1085 1130 1134 noram
1155 1061 1245 1134 acti·

133 1205 248 1270 ouem,
281 1203 417 1276 eamque
445 1178 572 1252 idcirco
598 1186 724 1252 tautum
750 1176 932 1268 adiectam,
958 1187 996 1251 ut
1024 1179 1144 1251 iustam
1166 1177 1244 1249 lon-

132 1297 313 1393 gitudinem
342 1297 509 1394 acciperet
534 1295 728 1392 tragoedia,
763 1319 803 1368 uc
829 1319 872 1367 ue
897 1306 988 1369 route
1014 1294 1145 1393 quidem
1170 1302 1243 1368 tra-

133 1421 275 1505 ctatam,
309 1415 469 1486 continet.
535 1412 623 1485 Nam
664 1413 694 1484 si
726 1409 919 1483 abducenda
947 1412 989 1482 alr
1018 1409 1142 1485 Oreste
1170 1420 1243 1485 erat

133 1530 339 1621 Hermiona,
374 1529 452 1626 qnid
483 1552 566 1626 opus
595 1536 687 1620 erat,
722 1535 757 1599 ut
780 1529 839 1601 ille
862 1526 961 1600 simul
986 1526 1241 1626 Neoptolemum

134 1649 176 1718 ab
209 1646 354 1744 Delphis
385 1645 600 1718 occidendum
632 1642 790 1717 curaret?
840 1643 982 1720 Poterat
1008 1646 1096 1719 euim
1130 1647 1242 1720 viudi-

131 1757 210 1836 care
237 1763 302 1836 sili
328 1763 511 1855 mulierem,
538 1785 634 1859 quem
654 1787 746 1836 suam
773 1785 846 1834 esse
867 1761 1097 1855 contenderet,
1119 1772 1153 1838 et
1178 1789 1242 1838 ex·
1302 1840 1307 1848 ,

131 1888 284 1978 spectare
318 1903 360 1952 au
393 1903 475 1970 eam,
496 1880 698 1976 repetiturus
729 1886 818 1952 erset
842 1875 1095 1975 Neoptolemus.
1141 1877 1242 1952 Nunc

131 2006 242 2070 autem
274 1996 357 2070 istas
390 1995 530 2070 incidias
557 2020 597 2068 eo
624 1995 765 2068 oonsilio
792 2000 1063 2066 commemoratas
1086 2018 1160 2067 esse
1182 2018 1242 2093 up·

129 2121 245 2212 paret,
291 2123 327 2186 ut
357 2135 447 2183 mors
478 2110 692 2208 Neoptolemi
728 2134 795 2182 non
827 2110 926 2207 plane
952 2133 1030 2183 casu
1059 2111 1123 2184 hoc
1152 2119 1240 2186 teur-

128 2253 211 2328 pore
251 2229 341 2300 laeta
381 2235 493 2324 posset
530 2227 723 2323 consequi,v
752 2227 961 2324 lamentaque
999 2226 1108 2300 audiri
1141 2227 1240 2302 Pelei

129 2347 231 2419 caede
267 2344 400 2442 nepotis
434 2344 563 2417 alilicti.
627 2343 799 2442 Repetirit
836 2342 924 2415 lano
960 2367 1030 2416 rem
1057 2341 1239 2442 Euripides

128 2463 163 2534 iu
208 2468 356 2534 extremo
397 2459 541 2553 Oreste,
590 2460 685 2534 valde
726 2460 974 2534 dissentientem
1012 2483 1033 2532 a
1073 2463 1238 2534 communi

41 2576 43 2580 ’
128 2580 228 2652 lama.
284 2575 494 2651 Scholiastes
528 2575 571 2649 ad
596 2575 730 2651 Orestis
759 2603 789 2652 u.
819 2574 928 2666 1649.
953 2574 1022 2650 οὐκ
1054 2571 1239 2677 ἐγάμησεν
1283 2653 1286 2660 ,

129 2691 249 2786 αὐτὴν
282 2691 379 2766 κατὰ
409 2699 540 2785 τοῦτο,
574 2691 632 2766 ὅτι
656 2691 769 2769 τέκνα
798 2692 868 2767 οὐκ
892 2691 990 2787 εἶχεν
1015 2690 1083 2766 ἀπ’
1109 2692 1238 2773 αὐτοῦ.

127 2809 192 2884 ’καὶ
234 2808 254 2883 ὃ
292 2807 364 2905 μίν
402 2807 606 2908 Εὐριπίδης
642 2806 705 2882 διὰ
742 2817 854 2883 τοῦτο
894 2805 1110 2906 ἀνῃρῆσθαί
1147 2832 1238 2906 φησι

127 2927 196 3004 τὸν
228 2921 488 3022 Νεοπτόλεμον
512 2922 587 2998 ὑπὸ
617 2931 697 2999 τῶν
725 2928 900 3024 Δελφῶν,
933 2924 991 2998 ὅτι
1021 2924 1239 3025 παρεγίνενο

128 3050 180 3128 εἰς
210 3041 378 3142 Δελφοὺς
414 3040 523 3124 δίκας
559 3036 777 3136 ἀπαιτήσων
808 3039 877 3116 τὸν
907 3038 1002 3114 θεὸν
1023 3036 1134 3138 ὑπὲρ
1172 3049 1238 3135 τῆς

127 3167 296 3255 τελευτῆς
332 3166 402 3234 τοῦ
439 3158 579 3258 πατρὸς
617 3157 747 3232 αὑτοῦ.
817 3153 1033 3256 Φερεκύδης
1068 3153 1114 3240 δέ
1146 3181 1238 3255 φησι

129 3275 214 3375 περὶ
250 3273 399 3348 παίδων
437 3273 610 3371 χρησμὸν
652 3277 832 3346 αἰτοῦντα
872 3271 941 3348 τὸν
978 3267 1238 3370 Νεοπτόλεμον

129 3392 389 3488 ἀναιρεθῆναι.
441 3389 517 3464 ἐπεὶ
541 3387 796 3484 Νεοπτόλεμος
815 3383 1013 3486 Ἑρμιόνην
1036 3394 1151 3489 γαμεῖ
1168 3389 1238 3486 τὴν

127 3503 346 3594 Μενελάου,
379 3507 522 3604 ἔρχεται
554 3511 605 3588 εἷς
627 3503 796 3604 Δελφοὺς
821 3503 903 3602 περὶ
928 3502 1077 3580 παίδων
1097 3504 1238 3607 χρησό-

128 3648 257 3725 μενος·
290 3623 335 3698 οὐ
358 3621 432 3724 yolp
458 3623 562 3723 αὐτῷ
588 3623 756 3725 ἐγίνοντο
780 3623 820 3706 ἐξ
833 3617 1042 3720 Ἑρμιόνης·
1073 3621 1138 3698 καὶ
1164 3624 1236 3725 ὁρᾷ

129 3740 227 3816 κατὰ
259 3739 302 3816 τὸ
332 3736 559 3838 χρηστήριον
590 3739 682 3834 κρέα
715 3733 993 3835 διαρπάζοντας
1027 3739 1116 3823 τοὺς
1143 3746 1236 3817 Δελ-

130 3854 245 3957 φούς,
287 3857 500 3956 ἀφαιρεῖται
530 3855 694 3955 colaepio
730 3850 866 3935 αὐτούς
872 3905 885 3940 ,
920 3853 1038 3930 αὐτὸν
1064 3855 1105 3931 δὲ
1137 3841 1237 3932 νοεί-

130 4003 185 4050 νει
205 3967 444 4073 Μαχαιμεύς,
474 3971 493 4045 ὁ
514 3969 661 4049 τούτων
678 3969 813 4073 ἱερεύς,
841 3968 906 4044 καὶ
925 3972 1145 4072 κατορύσσεο
1165 3973 1237 4048 αὐ-

130 4088 198 4166 τὸν
222 4090 295 4166 ὑπὸ
318 4089 386 4164 τὸν
409 4088 526 4164 οὐδὸν
551 4097 618 4164 τοῦ
643 4086 727 4166 νεαί.
789 4089 870 4163 Alia
895 4089 943 4162 ibi
968 4090 1157 4164 testimonia
1183 4101 1237 4166 at-

131 4209 209 4282 tulit
233 4197 428 4281 Matthiae(
458 4206 558 4280 llano
581 4208 685 4306 igitur
708 4197 930 4280 narrationem
952 4207 1076 4304 sprevit
1094 4204 1237 4308 Euripi·
1375 4244 1379 4253 ·

130 4325 209 4418 des,
244 4324 329 4420 qood
362 4325 412 4399 sic
445 4331 479 4398 et
504 4327 666 4399 amantior
689 4325 890 4400 Hermionae
916 4325 1158 4422 spectatoribus
1185 4326 1237 4399 ri-
