3006 4952
809 272 859 345 46

382 455 516 560 γνώμᾳ
541 458 584 531 τὸ
609 458 751 551 πλῆθος
776 451 923 552 ἀθρόον
948 454 1214 552 ἀσθενέστερον

385 581 614 683 φαυλοτέρας
639 579 775 682 φρενὸς
800 580 1052 675 αὐτοκρατοῦς

385 705 479 795 ἑνός,
505 708 526 782 δ
551 704 706 790 δύνασις
726 701 800 780 ἀνά
823 733 864 778 τε
880 703 1053 801 μέλαθρα
1069 701 1165 778 κατά
1185 734 1225 777 τε
1246 702 1391 794 πόλιας,

386 830 528 908 ὁπόταν
553 831 676 932 εὑρεῖν
699 830 838 906 θέλωσι
861 825 1006 929 καιρόν.
1072 927 1078 938 ⁶

645 1010 935 1113 δντιστρσφὴ
960 1011 1018 1109 β’.

383 1147 518 1231 ἔδειξεν
541 1146 564 1241 ἡ
589 1146 768 1224 Λάκαινα
792 1156 862 1223 τοῦ
888 1144 1121 1244 στρατηλάτα

384 1270 555 1347 Μενέλα’
581 1271 646 1346 διὰ
668 1272 743 1376 γὰρ
767 1271 883 1371 πυρὸς
906 1269 997 1366 ἦλθ’
1023 1273 1136 1372 ἑτέρῳ
1160 1272 1264 1367 λέχει,

385 1395 517 1472 κτείνει
542 1394 583 1472 δὲ
608 1396 677 1491 τὴν
700 1396 882 1474 τάλαιναν
904 1395 1049 1472 Ἰλιάδα
1073 1394 1192 1495 κόραν

385 1517 503 1598 παῖδά
528 1551 567 1596 τε
592 1519 802 1623 δύςφρονος
826 1521 926 1622 ἀμφ’
953 1515 1125 1620 ἔριδοςβ

386 1646 519 1732 ἄθεος,
543 1646 700 1745 ἄνομος,
727 1651 860 1748 ἄχαρις
885 1647 905 1722 ὃ
932 1629 1065 1747 φόνος,
1092 1645 1209 1724 ἔτιδὲ
1237 1641 1370 1720 πότνια

383 1769 596 1870 μετατροπδ
621 1771 738 1849 τῶνδ’
768 1776 905 1848 ἔπεισιν
930 1775 1062 1875 ἔργων.

285 2001 450 2140 duddpu-
407 2077 564 2142 -γνωρα
564 2055 679 2118 ‚Erit
694 2055 814 2118 fortusse
830 2056 878 2136 qui
895 2066 985 2115 metra
1000 2055 1116 2136 syllabis
1132 2076 1188 2114 uon
1205 2055 1393 2134 congruentia

285 2139 327 2197 sic
350 2117 493 2211 ddicndut,
516 2152 548 2198 ut
562 2159 673 2200 versum
695 2159 731 2198 ex
745 2139 889 2222 dactylis
881 2161 909 2198 ru
929 2139 1088 2200 dochmium
1103 2140 1281 2199 terminatum
1299 2149 1390 2217 putet.

285 2220 371 2279 At'
348 2242 388 2281 s1c
412 2241 522 2301 quoque
543 2222 695 2323 Euripides
716 2236 766 2283 aut
781 2227 810 2284 iu
827 2225 1030 2304 antistrophico
1046 2243 1129 2282 versu
1144 2221 1259 2320 λέκτρῳ,
1280 2231 1329 2280 aut
1344 2221 1393 2278 hic

286 2324 342 2362 nou
370 2305 509 2383 posuisset
535 2301 643 2386 γνώμα.
685 2305 784 2384 ltaque
812 2328 896 2386 quum
919 2308 965 2366 hic
986 2309 1095 2366 incerto
1117 2307 1257 2386 scripturo
1278 2306 1330 2376 sit,
1362 2315 1394 2362 et

285 2405 406 2466 sequeus
427 2404 525 2445 versus
546 2387 581 2445 ab
603 2387 706 2457 iambo,
730 2390 950 2467 antistrophicus
971 2401 1063 2448 autem
1085 2410 1103 2447 a
1121 2388 1270 2486 spondeo
1262 2387 1391 2467 incipiat,
1494 2441 1495 2446 ,

287 2489 342 2529 nou
364 2469 585 2570 antistrophicu‚
609 2470 660 2530 scd
681 2470 824 2548 strophico
845 2471 1013 2572 corrigepda
1035 2489 1097 2529 osse
1114 2473 1255 2530 existimo.
1295 2471 1394 2544 Quare

285 2554 386 2632 scripsi
407 2548 514 2638 διδύμοι
533 2553 687 2634 πραπίδων
707 2557 805 2630 σοφᾶν
822 2549 924 2637 γνώμα
943 2548 975 2614 τὸ
996 2557 1114 2632 πλῆθος
1134 2547 1250 2634 ἁθρόον
1270 2549 1392 2614 ἆσθενέ-

287 2653 394 2716 σιερον.

284 2773 304 2812 .ι
369 2734 442 2797 475.
486 2731 672 2835 Legebotpr
664 2733 889 2835 uuterpunctione
904 2743 968 2812 post
983 2726 1177 2812 αὖτοιιρατοῦς
1192 2732 1294 2812 positu,
1318 2729 1393 2790 bono

287 2815 399 2898 quidem
421 2817 560 2875 sententia
581 2811 680 2888 ἐνὸς
660 2841 680 2878 α
700 2810 829 2891 δονασις,
851 2815 901 2876 sed
916 2827 1006 2876 metro
1023 2826 1120 2894 operte
1135 2816 1248 2874 vitioso.
1279 2814 1392 2920 ltaque

288 2919 325 2960 ex
351 2919 413 2960 mou
441 2897 636 2959 emendatione
658 2900 693 2959 L
716 2897 898 2972 Dindoffius,
927 2897 1108 3002 φαυλρτέρας
1126 2893 1233 2978 φρενὸς
1253 2893 1392 2996 adcorpo-

288 2988 357 3057 τοῦς
376 2978 495 3058 ἑνός,“
476 3007 497 3044 u
517 2979 644 3056 δονασις
685 2981 778 3041 Malui
799 2993 892 3043 tamen
914 2979 1181 3053 succisoribus,
1206 2981 1281 3061 quod
1301 2981 1392 3060 aptius

289 3079 343 3127 est.
387 3067 451 3128 Nec
473 3068 573 3126 mirum
595 3066 654 3125 id
646 3087 674 3127 ut
696 3062 715 3127 δ
736 3077 874 3140 mutasse,
906 3069 954 3147 qui
975 3075 1041 3126 unte
1062 3061 1128 3138 ένδς
1148 3066 1389 3144 interpungerert.

289 3150 434 3230 Lentingii
455 3152 664 3223 coniecturam,
686 3149 794 3208 utalia
814 3151 1012 3230 quoeuemini
1033 3150 1062 3207 in
1084 3159 1205 3208 mentem
1226 3150 1323 3208 venire
1344 3147 1394 3206 de·

288 3234 410 3306 hebent,
433 3245 592 3313 praetereo.

265 3345 267 3350 ’
370 3331 444 3395 477.
488 3331 558 3391 Per
590 3331 626 3390 Β.
658 3330 738 3390 tuor
757 3330 878 3395 1815.
900 3331 995 3391 Horu.
1019 3341 1049 3392 et
1069 3350 1087 3390 a
1107 3332 1198 3435 pripru
1218 3351 1301 3391 manu
1322 3329 1394 3389 Pau·

290 3415 328 3475 A.
352 3409 535 3497 στρατηλάτα.
576 3413 661 3474 Lusc.
683 3413 752 3473 Ald.
776 3423 805 3474 et
825 3416 927 3494 reliqui
947 3416 1012 3474 libri
1028 3410 1228 3496 στρατηλάταν.

371 3522 445 3586 478.
488 3519 557 3582 Ald
589 3522 652 3581 rell.
685 3519 826 3584 Μενέλαε.
867 3521 963 3582 llovn.
993 3521 1063 3583 Pur.
1091 3521 1132 3582 D
1156 3521 1241 3581 Lasc.
1265 3515 1392 3593 Μενέλα,

290 3607 411 3685 positum
433 3607 516 3665 etiam
538 3626 556 3664 ιι
576 3604 733 3663 Bruncltio.
778 3604 932 3666 Baruesius
950 3605 1097 3670 Μενέλεω

372 3710 446 3774 480.
489 3709 570 3770 Libri
596 3706 758 3790 δδςφρονος
784 3708 918 3818 έριδρς”
898 3735 980 3794 οπερ.
1022 3710 1090 3770 Non
1111 3711 1153 3769 sic
1174 3709 1289 3787 scripsit
1308 3706 1393 3771 Euri·
1476 3751 1484 3774 .

291 3793 382 3874 pides‚
408 3792 501 3853 soluto
516 3792 640 3893 dactylo.
669 3792 797 3869 Quaro'
781 3819 845 3876 app
847 3736 1105 3896 ’έριδοςτεροεσί,
1128 3802 1160 3850 ut
1177 3811 1261 3870 supro
1275 3813 1303 3850 v.
1322 3793 1389 3855 123.

291 3815 368 3976 dppl
388 3875 511 3955 λέκτρων
531 3873 669 3956 διδύμαν.
712 3877 780 3940 Nisi
801 3881 864 3960 quis
893 3873 1053 3959 otuspov'*
1033 3898 1122 3956 οπερ,
1145 3885 1194 3933 aut
1215 3875 1306 3936 simite
1327 3874 1392 3955 quid

292 3963 426 4042 scriptum
448 3961 534 4022 tuisse
556 3959 663 4021 credat.

374 4060 448 4124 481.
491 4055 1098 4162 Ald.rell.cded9y’.1,osc.etlllss
1122 4051 1319 4138 omittuutp’,
1344 4055 1392 4115 ed

293 4143 380 4205 ditu'ur
410 4144 445 4203 ιΙι
474 4144 622 4246 imperito
634 4138 923 4204 uersiculum
905 4166 922 4204 o
948 4136 1065 4220 φθόνος
1084 4140 1153 4200 Ald.
1177 4139 1242 4198 rell.
1265 4160 1317 4219 pro
1338 4160 1391 4218 quo

293 4227 377 4287 iaso.
401 4239 431 4288 et
446 4222 561 4287 Mss‘
543 4223 681 4304 οφόνος.
722 4225 855 4306 Denique
870 4224 938 4285 Ald.
957 4225 1021 4284 rell.
1039 4224 1082 4287 ἔτι
1098 4241 1154 4298 σοι,
1175 4222 1260 4282 Lasc.
1275 4235 1305 4283 et
1317 4222 1389 4283 Mss

294 4308 335 4370 tu
355 4327 394 4371 σε.
436 4309 549 4371 Deinde
570 4310 655 4370 lose.
679 4309 748 4370 Pur.
771 4309 808 4369 E.
830 4310 910 4369 Flor.
928 4309 960 4371 2.
983 4309 1064 4370 vicu
1086 4305 1266 4388 μετατροπαλ.
1293 4300 1391 4365 Acci-

294 4390 424 4491 pjehatur
451 4389 556 4456 reductu
580 4415 632 4474 pro
657 4395 803 4464 vocativo,
833 4392 1031 4496 explicatque
1031 4393 1197 4452 scholiastes
1218 4391 1262 4448 his
1282 4388 1390 4448 vorbis.

293 4466 367 4551 πρὸς
385 4467 439 4548 ”lv
457 4471 622 4555 Ερμιονην.
663 4470 762 4539 olovt
747 4475 829 4554 tapso
849 4498 893 4538 οτι
908 4471 1106 4556 μετανοήσας,
1127 4470 1179 4537 tto
1193 4469 1310 4557 πραξρς.
1347 4467 1455 4533 διὸ*
