3006 4952
791 319 852 378 XVI

265 490 366 570 ποίντ
368 491 554 593 ἐφορᾷς.
603 491 690 568 Nam
707 489 794 568 unda
818 493 883 568 Ιιοο
906 495 1066 670 sumpsit,
1086 493 1187 569 Iliad.
1205 491 1273 568 ΙΙΙ.
1288 493 1375 568 277.

267 614 522 712 scriptumest:
597 631 600 638 ’
1353 652 1357 660 -

369 757 446 827 Ζεῦ
470 747 962 849 ποίτερ,’1ι7ηθενμει7ίοιν,
986 747 1156 839 κύδιστε,
1182 757 1342 852 μέγιστε,

366 862 504 950 Ἠέλιός
525 865 586 954 θ’,
610 866 651 949 ὃς
670 864 784 943 πάντ’
801 869 940 967 ἐφορᾷς
957 866 1022 942 καὶ
1040 864 1156 944 πάντ’
1176 864 1376 953 ἐπακούεις,

369 982 434 1059 καὶ
459 982 620 1080 ποταμοὶ
641 982 706 1058 καὶ
730 989 833 1088 μαῖα.

267 1146 310 1221 Si
343 1145 462 1220 Solem
493 1144 633 1243 primum
665 1145 873 1236 invocasset,
912 1141 1053 1216 dixisset
1083 1141 1226 1218 fortasse
1262 1141 1376 1216 Ἠίλιε

266 1272 305 1364 nt
331 1261 456 1360 Odyss.
480 1260 567 1335 ΧΠ.
590 1262 678 1338 385.
709 1270 743 1336 et
775 1261 809 1334 in
835 1261 955 1356 hymno
983 1256 1116 1334 Cereris
1134 1258 1196 1336 64.
1247 1260 1376 1354 Quam·

268 1405 365 1479 qnam
385 1380 483 1452 etiam
507 1378 605 1452 initio
629 1379 790 1454 orationis
814 1379 872 1452 isti
894 1376 1096 1450 nominativo
1117 1379 1211 1452 locus
1235 1386 1307 1471 est,
1339 1387 1376 1452 nt

268 1496 394 1596 Od)ss.
413 1494 520 1568 XIX.
539 1494 629 1570 406.

359 1635 577 1808 γαμβρὸς’
561 1635 648 1737 ιμὸς
661 1636 837 1736 θνγατηρ
855 1660 895 1708 τι
913 1632 1108 1710 τίθεσθ’”
1086 1662 1184 1732 ονομ
1217 1635 1296 1710 ὅττι
1310 1661 1375 1712 κεν

1049 1755 1152 1829 atum.

264 1899 335 1973 Uin
345 1894 542 1971 Eustatlnus
558 1889 727 1995 θύγατερ
740 1893 883 1990 legebat.
909 1890 973 1968 Sne
984 1893 1173 1992 Aeschylos
1185 1893 1301 1968 Prom
1313 1893 1377 1967 88.
1445 1861 1452 1876 ’

369 2035 401 2113 ὦ
426 2036 507 2120 δῖος
531 2034 648 2134 αλθὴρ
673 2034 737 2110 καὶ
761 2031 985 2132 ταχύπτεροι
1009 2031 1134 2122 πνοαί,

369 2159 550 2251 ποταμῶν
573 2181 612 2227 τι
633 2151 766 2255 πηγαί,
792 2151 956 2250 ποντίων
979 2180 1019 2226 τε
1044 2146 1226 2248 κυμάτων

370 2266 586 2367 ἀνήριθμον
609 2267 796 2369 γέλασμα,
820 2264 1022 2367 παμμῆτόρ
1044 2296 1084 2342 τε
1109 2273 1168 2370 γῆ.

269 2414 338 2510 Qui
365 2437 478 2487 omnes
504 2408 698 2484 nominativi
724 2409 1005 2484 declarantium
1026 2411 1168 2524 liabent,
1192 2420 1229 2484 nt
1254 2411 1351 2484 ille
1339 2437 1377 2484 ιιι

266 2524 455 2608 Helena
425 2555 456 2602 ω
491 2523 620 2608 καινὸς
645 2523 738 2620 ἡμῖν
763 2523 887 2619 πόσις,
923 2528 964 2602 da
996 2533 1060 2628 qno
1093 2529 1135 2602 ad
1160 2529 1253 2602 illins
1275 2528 1378 2601 iabu-

266 2653 380 2724 laev.
404 2642 624 2718 142161ιί.
674 2641 737 2717 Sic
769 2643 868 2718 etiam
892 2643 1023 2721 Latini.
1071 2645 1233 2720 Horatius
1261 2644 1376 2720 Serm.

266 2765 381 2857 ILQ,
407 2762 495 2836 106.

366 2905 440 2980 ναί
459 2902 639 3009 nimiam
663 2901 738 2976 teti
757 2914 866 3010 reete
890 2928 1039 3004 semper
1062 2917 1157 2980 eunt
1182 2931 1259 2999 res,

241 3109 244 3116 ,
368 3049 391 3098 ο
418 3046 582 3128 magnes
601 3019 771 3121 μοιιλαο
791 3022 954 3096 sioins'm‘s
979 3021 1092 3098 ιίιαι.

267 3161 316 3236 Et
340 3161 377 3233 in
398 3160 541 3258 epistola
562 3161 605 3233 ad
627 3159 771 3234 Pisones
797 3185 827 3234 ι.
852 3160 940 3235 291.

1137 3321 1205 3372 eos
1249 3326 1271 3374 o

268 3458 271 3465 ι
372 3411 587 3514 Pomptinos
612 3413 790 3506 naengum,
815 3437 973 3488 οαινιιοα
995 3351 1274 3513 reprehendite.

266 3558 470 3656 Apollonios
494 3585 560 3634 non
587 3560 693 3631 solnm
718 3559 954 3632 nominativum
980 3586 1041 3659 pro
1067 3565 1218 3650 vocativo
1238 3593 1380 3666 usurpa-

267 3682 359 3766 tum,
392 3675 450 3748 sed
485 3677 584 3750 otiam
621 3679 735 3750 ambos
766 3700 863 3749 casus
895 3678 1052 3776 coniungi
1082 3681 1200 3754 solitos
1235 3687 1379 3782 putavit,

221 3852 241 3885 s
268 3793 410 3865 afferens
437 3788 468 3866 ὦ
493 3791 643 3891 φίλτατ’
669 3795 775 3881 Αἴας,
802 3795 888 3893 quod
913 3821 979 3869 non
1006 3799 1109 3871 semel
1134 3799 1170 3870 in
1194 3798 1381 3898 Sophoclis

267 3907 376 3983 Aiace
400 3910 535 4008 legitor.
586 3912 659 3985 Alii
687 3913 893 4009 grammatici
922 3914 1105 3987 vocativum
1131 3916 1217 4013 apud
1241 3919 1380 3993 Atticos

268 4026 415 4101 οοιιιιλοιιι
442 4053 516 4100 oum
541 4031 742 4103 nominativo
759 4029 898 4102 formam
918 4029 1040 4102 habere
1065 4041 1214 4126 censent,
1240 4033 1281 4108 de
1301 4036 1382 4134 qui-

268 4143 329 4215 bus
354 4141 545 4219 Ellendtins
571 4147 604 4218 in
627 4145 759 4220 Lexioo
782 4145 996 4244 Sophocleo:
1022 4148 1112 4246 iique
1136 4159 1226 4223 recte
1251 4154 1380 4228 sentire

267 4257 437 4353 videntne,
472 4263 536 4336 etsi
567 4289 632 4335 non
665 4263 861 4337 contendam
902 4264 1060 4362 coniungi
1084 4266 1151 4340 hos‘
1180 4293 1277 4340 casos
1309 4294 1381 4343 non

267 4397 379 4470 possa.
429 4376 515 4452 Nam
543 4380 641 4454 otiam
669 4376 699 4453 ὦ
725 4377 877 4478 φίλτατ’
902 4383 997 4462 Αἴας
1021 4383 1071 4455 sio
1095 4382 1162 4456 dioi
1187 4387 1313 4482 potuit,
1340 4397 1382 4461 ut
