3006 4952
211 998 643 1106 ΕΥΡΙΠΙΔΟΥ
690 997 1176 1103 ΑΝΔΡΟΜΑΧΗ.

378 1486 387 1508 '
486 1473 889 1548 ANAPOMAXH.

129 1609 343 1716 Ἅσιάτιδος
368 1640 435 1734 γῆς
461 1639 603 1726 σχῆμα,
633 1627 779 1726 Θηβαία
805 1626 920 1715 πόλις,
1037 1661 1041 1674 f

130 1760 225 1834 ὅθεν
248 1753 343 1831 πόθ’
371 1754 491 1830 ἕδνων
511 1753 582 1830 σδν
608 1749 831 1852 πολυχρύσῳ
853 1752 964 1847 χλιδῇ

130 1878 310 1979 Πριάμου
335 1879 525 1976 τάραννον
550 1877 677 1953 ἑστίαν
702 1873 906 1975 ἀφικόμην,

127 2002 257 2104 δάμαρ
283 2003 440 2079 δοθεῖσα
462 1999 678 2083 παιδοποιδς
693 2001 852 2097 Ἕκτορι,

129 2127 289 2224 ζηλωτὸς
312 2129 352 2202 ἔν
377 2157 418 2228 χε
445 2134 499 2224 τῷ
524 2125 612 2221 πρὶν
632 2118 867 2219 Ἀνδρομάχη
888 2116 1029 2220 χρόνῳ,
1245 2145 1266 2206 5

126 2261 199 2329 νῦν
225 2252 263 2326 δ’
290 2242 392 2332 οὔτις
416 2250 507 2342 άλλη
529 2246 797 2342 δυςτοχεστέρα
820 2244 915 2346 γυνὴ

208 2524 237 2586 l.
282 2518 329 2580 De
351 2521 404 2580 hoo
426 2538 509 2580 versu
530 2515 651 2578 videnda
666 2518 828 2598 praefatio.¹

207 2628 238 2687 6.
282 2623 351 2684 Ald.
375 2625 470 2685 Havn.
494 2625 574 2684 Flor.
593 2625 624 2686 2.
647 2627 703 2685 νῦν
724 2618 751 2682 δ’
776 2616 856 2694 οὔτις
876 2616 950 2703 άλλη
965 2620 1170 2704 δυςτυχιτιτάτιχ
1185 2648 1234 2706 χιι-

123 2703 160 2851 ii
179 2706 258 2851 iiii
274 2703 446 2850 ''iii’“rird
467 2703 804 2852 1111111111
806 2703 1236 2852 ddd⁰¹³ii⁰iffdi⁸ii¹di⁸³ii

122 2871 204 2934 Max.
226 2873 298 2952 Tyr.
330 2893 359 2951 p.
379 2875 451 2934 583.
479 2890 507 2930 a.
532 2872 732 2949 superlativum
754 2889 805 2948 pro
827 2872 1018 2948 comparativo
1040 2874 1170 2951 positum
1182 2893 1235 2952 pn-

123 2967 226 3014 tantes.
271 2954 319 3013 Ae
338 2964 415 3012 certe
437 2953 580 3010 Homerus
600 2953 640 3010 itu
661 2953 792 3029 loquutus
811 2961 856 3010 est
871 2951 928 3012 od.
944 2953 998 3010 xl.
1017 2954 1090 3016 tat.
1115 2960 1175 3016 σεῖο
1191 2950 1233 3028 δ’,

119 3035 263 3116 Ἀχιλλεῦ,
293 3031 373 3108 οὔτις
402 3030 476 3116 ἀνὴρ
503 3027 688 3114 προπάροιθε
715 3027 910 3112 μακάρτατος,
939 3029 1004 3093 οὐδ’
1036 3029 1083 3114 άρ’
1112 3031 1231 3096 ὀπίσσω.

122 3121 167 3180 1ο.
194 3119 333 3178 Miltonus
362 3129 391 3178 et
412 3118 543 3196 Scaliger
563 3115 744 3194 corrigebant
768 3112 985 3195 δυςτυχεστέροι,
1012 3114 1087 3194 quod
1107 3115 1235 3176 ediderat

122 3202 274 3274 Lascaris‚
306 3204 386 3262 euius
415 3203 606 3260 coniecturam
635 3199 708 3258 hane
735 3215 798 3257 esse
824 3195 897 3275 dirit
921 3196 1108 3279 Lentiugius,
1136 3203 1233 3259 neseio

123 3304 179 3362 quo
195 3295 322 3343 auctore.
364 3283 448 3344 Hane
465 3284 634 3362 scripturam
646 3300 741 3340 veram
758 3278 919 3342 iudicarunt
932 3280 1125 3358 Musgravius,
1143 3282 1233 3363 Wyt·

122 3365 288 3425 tenhaehius
317 3363 353 3424 ad
373 3365 521 3426 Plutarchi
550 3383 581 3442 p..
598 3364 673 3424 ltl.
694 3361 732 3424 E.
756 3361 909 3420 Elmsleius
934 3361 970 3420 od
991 3361 1112 3423 Medeae
1133 3386 1161 3423 v.
1178 3369 1229 3427 67.

121 3449 237 3528 visaque
254 3446 323 3506 mihi
339 3465 450 3525 quoque
466 3456 510 3506 est
530 3439 717 3525 praeferenda
737 3461 811 3514 esse,
837 3453 868 3502 ut
889 3444 1044 3522 pleniorem
1059 3447 1232 3524 graviorem-

122 3549 176 3610 que
198 3532 354 3590 orationem
376 3527 507 3592 reddens.
553 3525 612 3587 Sed
634 3525 718 3586 codd.
742 3525 811 3584 Par.
830 3523 869 3584 A.
888 3525 925 3586 B.
949 3525 1228 3592 Flor.A.10.15.

120 3613 209 3672 Taur.
235 3613 331 3672 Gueli.
356 3615 411 3672 νῦν
432 3606 461 3672 δ’
484 3609 573 3684 εἴτις
593 3604 664 3688 άλλη
687 3603 891 3688 δυςττιχεστάτη
912 3603 1001 3689 γυνή,
1023 3621 1167 3690 servantes
1189 3613 1231 3676 itti

121 3706 214 3756 temen
240 3704 403 3776 sequentem
424 3712 553 3763 versum,
585 3693 633 3772 qui
655 3692 732 3751 nulio
754 3693 783 3750 in
806 3691 877 3749 libro
899 3689 988 3750 deest.
1034 3691 1227 3755 Scholiastes:

119 3783 184 3840 νῦν
213 3774 240 3840 δ’
273 3777 307 3838 ei
323 3799 376 3850 τις
398 3771 490 3856 άλλη.
532 3770 597 3835 dost
616 3779 669 3834 τοῦ
690 3769 730 3845 ὥς
751 3769 873 3853 οὐδεμία
893 3769 963 3852 άλλη
985 3771 1125 3878 δοςτυχὴς
1145 3773 1228 3860 γυνή.

119 3856 140 3939 ἢ
160 3859 210 3921 καὶ
231 3857 335 3934 οὕτως·
364 3855 419 3940 ἐγὼ
446 3857 478 3920 δὲ
498 3852 551 3936 οὐχ
571 3851 767 3937 ὑπολαμβάνω
789 3857 815 3916 εἰ
834 3852 890 3936 tipo
910 3879 953 3928 τις
973 3853 1046 3938 χυτὴ
1067 3859 1231 3940 αθλιωτέρα

120 3964 177 4021 μου
210 3942 294 4005 ἐστίν.
350 3943 466 4001 lidorum
497 3940 625 3999 codicum
656 3941 823 4018 scripturam
850 3939 979 4018 probavit
1006 3939 1226 4013 Valckenarius,

120 4024 287 4085 eiiciendnm
315 4044 434 4084 censens
456 4025 503 4105 qui
529 4024 657 4104 sequitur
675 4041 798 4081 versum.
847 4021 940 4080 Huius
962 4020 1097 4081 iudicium
1118 4027 1230 4102 sequuti

120 4124 230 4165 versum
251 4110 334 4166 istum
351 4109 431 4167 uncis
447 4107 622 4165 incluserunt
637 4103 809 4176 Brunckius‚
832 4103 983 4175 Matthiae,
1007 4105 1122 4183 aliique,
1145 4107 1231 4168 eiecit

120 4185 297 4266 Lentingius.
349 4190 383 4248 ln
404 4188 473 4248 Por.
504 4188 542 4248 E.
566 4198 611 4248 est
633 4187 745 4266 quidem
767 4182 883 4260 οὔτις,
913 4183 963 4244 sed
984 4182 1021 4247 οδ
1041 4188 1175 4266 seriptum
1198 4191 1227 4252 iu

119 4271 176 4328 alia
205 4290 278 4329 nunc
300 4272 461 4332 oblitterata
481 4272 592 4330 vocula.
646 4271 679 4330 lu
700 4269 754 4330 hae
776 4269 959 4329 fluctuatione
980 4270 1137 4349 scripturae
1157 4291 1227 4332 eon-

119 4354 198 4411 iiciat
219 4355 281 4430 quis
302 4357 436 4434 seriptum
458 4354 560 4412 fuisse:
584 4357 639 4414 οὖν
661 4348 688 4412 δ’
714 4341 752 4412 αὖ
773 4352 818 4422 τίς
838 4345 908 4428 άλλη
929 4349 1132 4432 δοςτυχεστὲρα
1152 4353 1226 4436 γονὴ

118 4433 189 4513 ἐμοῦ
218 4431 347 4516 πέφυκεν
375 4433 395 4514 ἢ
422 4430 569 4518 γενήσεταί
593 4457 677 4510 ττοτες
703 4433 844 4493 Matthiae
873 4431 1001 4510 quidem,
1034 4434 1109 4493 atiud
1137 4456 1223 4515 agens

118 4516 228 4597 opinor,
254 4511 333 4587 odere
353 4529 383 4575 et
394 4515 422 4595 ἢ
444 4518 600 4594 invulgata
621 4519 742 4576 lectione
760 4517 813 4576 sibi
829 4514 1000 4593 respondere
1017 4518 1142 4596 putabet,
1168 4541 1221 4582 non
