2982 4948
787 359 839 436 el

166 549 409 645 traqu-tpoo
432 543 524 644 πρὸς
549 539 707 642 ἀνδρός,
733 538 856 643 ὧνπερ
881 542 996 627 αὐτὸς
1018 543 1154 619 ιόλεσεν

258 677 405 746 πολλῶν
429 669 515 768 μετ’
543 670 683 746 ἀλλων·
710 667 761 752 ὥς
785 666 827 744 ἀὲ
853 666 945 767 πρὸς
964 673 1078 770 γαῖαν
1102 666 1240 756 πίτνει,

257 792 314 878 τίς
338 794 383 870 οὐ
410 792 566 891 σίδηρον
590 792 805 892 προςφίρεω
829 790 886 876 τίς
910 792 955 867 οὐ
980 792 1134 892 πέτρον,

256 914 431 1018 βάλλων,
458 914 637 1016 ἀράσσων
643 948 661 1012 ,·
692 923 771 993 πᾶν
795 915 836 992 d'
864 912 1054 992 ἀνάλωται
1080 914 1195 1014 όίμας

259 1042 304 1118 τὸ
328 1040 584 1142 καλλίμορφον
608 1037 839 1142 τραυμάτων
863 1040 934 1117 ὑπ’
963 1039 1117 1144 ἀγρίων.

169 1183 252 1247 1125
261 1165 395 1265 νεκρὸν
414 1164 456 1241 ἀὲ·
482 1163 529 1262 δή
555 1194 636 1254 νιν,
663 1163 833 1263 κείμενον
857 1167 994 1265 βωμοῦ
1018 1164 1149 1254 πίλας,

216 1349 219 1360 .
262 1292 437 1389 ἐξέβαλον
462 1290 567 1376 ἐκτὸς
592 1285 795 1366 θυοδόκων
817 1286 1051 1389 ἀνακτόρων.

259 1415 365 1513 ἡμεῖς
389 1413 429 1491 d'
456 1411 738 1515 ἀναρπάσαντες
768 1413 820 1500 ὡς
842 1409 956 1510 τάχος
976 1417 1105 1512 χεροῖν

260 1537 465 1637 κομίζομέν
489 1537 552 1636 νίν
579 1566 635 1614 σοι
659 1541 889 1636 κατοιμιόξαι
916 1533 1019 1639 γόοις

261 1661 422 1738 κλαῦσαί
446 1692 506 1751 τε,
532 1663 697 1762 πρέσβυ,
722 1670 790 1765 γῆς
814 1691 854 1737 τε
879 1669 1065 1760 κοσμῆσαι
1090 1657 1213 1764 τάφῳ.

171 1805 254 1873 1130
262 1788 417 1864 τοιαῦθ’
443 1787 463 1864 ὅ
486 1793 565 1871 τοῖς
589 1789 732 1862 άλλοισι
756 1785 948 1877 θεσπίζων
974 1789 1090 1877 ἀναξ,

263 1912 285 1988 ὁ
310 1920 389 1989 τῶν
412 1911 573 1989 δικαίων
596 1917 711 1986 πάσιν
737 1907 954 2011 ἀνθρώποις
977 1908 1121 2012 κριτής,

263 2035 373 2123 ἀίκας
395 2034 552 2113 dedeima
578 2035 673 2112 παῖά
678 2036 689 2064 ³
715 2036 845 2137 i'dpoto’
864 2034 1069 2134 Ἀχιλλέως,

265 2379 322 2447 σόει
341 2383 383 2458 είς
403 2377 528 2467 ιιοιρόν,Ι
549 2381 678 2456 dieatur,
703 2383 749 2444 hio
771 2383 863 2463 aptius
885 2384 923 2442 sit
943 2381 1053 2462 δαμείς,
1075 2383 1130 2442 nisi
1151 2376 1262 2464 πλεορά
1278 2379 1378 2462 δαμείς

266 2490 322 2528 οοο
349 2469 424 2538 bona
452 2478 528 2528 esset
555 2467 693 2546 loquutio.
736 2464 872 2526 Aesone
895 2463 969 2524 haud
992 2465 1322 2540 rarosoribisaooidit‚
1347 2477 1379 2524 ut

267 2572 340 2632 quae
362 2552 474 2630 saepius
495 2551 564 2610 alibi
587 2551 723 2629 legissent
744 2550 875 2628 genuinis
896 2549 1109 2608 substituerent.

349 2649 443 2712 1120.
487 2648 568 2708 Libri
598 2644 663 2709 ἔνθ’
692 2643 841 2750 Ἀριλλίως
874 2652 972 2707 πιτνεῖ
995 2652 1066 2718 παῖς
1089 2639 1243 2730 ὀξυθήκτῳ
1269 2641 1381 2726 πλευρά

267 2728 408 2814 φασγάνῳ
429 2731 529 2803 τυπείς
551 2734 670 2808 Δελφοῦ
690 2752 764 2810 προς
785 2724 900 2810 ἀνδρός,
923 2726 1009 2808 denso
1031 2723 1120 2790 αὐτόν
1141 2724 1245 2790 όίλεσεν
1265 2733 1381 2792 πολλῶν

267 2809 331 2896 μετ’
350 2809 452 2876 ἀλλων.
494 2814 662 2892 Leutingius
678 2823 792 2885 monet,
816 2813 876 2870 sive
892 2813 954 2890 quis
971 2810 1041 2871 haee
1058 2811 1162 2884 rerba,
1186 2817 1301 2876 πολλῶν
1315 2810 1377 2892 μετ’

267 2894 378 2973 ἀλλον,
401 2917 464 2956 oum
487 2893 573 2978 όςπερ
596 2890 686 2959 αὐτόν
708 2891 812 2958 ὤλεσεν
834 2895 1005 2973 coniungat,
1030 2894 1089 2955 sive
1111 2896 1218 2970 referat
1238 2895 1274 2954 ed
1296 2917 1382 2977 prae·

267 3001 396 3061 gressum
417 2980 527 3056 πίτνει,
549 2992 580 3040 ut
601 2981 696 3039 multis
712 2999 776 3038 eum
793 2979 856 3037 aliis
873 2977 1011 3038 cecidisse
1026 2976 1148 3051 dicetur,
1173 2981 1279 3038 utrovis
1296 2980 1382 3041 modo

163 3075 175 3098 “
193 3122 212 3140 ,,
268 3063 430 3145 praedicari
458 3064 642 3143 Neoptolemi
669 3049 875 3122 fortiludiiiem.
920 3059 961 3120 Ar
982 3081 1045 3119 enm
1067 3061 1175 3138 πίτνει,
1202 3060 1381 3142 sicquidem

200 3141 206 3156 ⁴
269 3148 391 3226 scripta,
414 3157 458 3206 tot
477 3147 572 3207 verbis
595 3147 768 3226 interpositis
786 3146 853 3216 vix,
877 3137 940 3203 eum
962 3139 1067 3206 ὤλεσεν
1086 3156 1179 3204 autem
1202 3145 1280 3204 nullo
1296 3141 1383 3228 paeto

84 3223 92 3238 ’
270 3231 405 3308 coniungi
426 3240 554 3308 possunt.
599 3228 703 3288 Obstat
723 3228 799 3288 enim
818 3237 951 3286 constans
973 3227 1059 3298 fama,
1084 3247 1156 3305 quae
1178 3228 1213 3286 ab
1236 3248 1292 3288 uno
1307 3229 1384 3288 Del-

271 3313 344 3393 pbo,
368 3331 451 3391 quem
467 3311 643 3370 Machaerea
662 3321 776 3383 vocant,
800 3310 979 3370 interiectum
995 3309 1215 3390 Neoptolemum
1236 3312 1380 3389 perhibet,

271 3394 306 3454 de
329 3415 384 3474 qua
404 3393 462 3454 vid.
488 3394 578 3453 sobol.
601 3393 703 3475 Eurip.
728 3393 764 3453 ad
786 3393 883 3452 Orest.
906 3394 997 3456 1649.
1021 3405 1051 3454 et
1074 3413 1144 3472 quos
1167 3394 1206 3453 ibi
1227 3397 1385 3456 nominavit

270 3477 427 3551 Matthiae;
452 3477 565 3536 obstant
586 3497 661 3557 quae
680 3487 853 3557 sequuntur,
878 3475 944 3554 quia
965 3477 990 3534 si
1011 3477 1139 3536 amultis
1154 3475 1314 3546 ,trucidatus
1335 3498 1385 3538 es-

271 3571 334 3631 set,
366 3562 406 3619 ita
427 3562 574 3620 confossus
595 3562 715 3632 fuisset,
746 3570 779 3618 ut
799 3579 854 3616 non
877 3559 996 3638 amplius
1018 3561 1045 3619 ei
1067 3570 1177 3619 mortuo
1200 3561 1386 3622 insultassent

271 3640 395 3722 Delpbi3
425 3644 518 3702 obstat
538 3642 659 3721 denique
681 3641 756 3724 quod
778 3640 891 3700 omnino
914 3642 961 3706 uix
983 3642 1132 3723 quidquam
1156 3644 1277 3722 ineptius
1297 3655 1384 3724 atque

273 3723 421 3784 absurdius
444 3727 498 3784 isto
520 3724 710 3785 additamento
732 3744 795 3785 esse
815 3735 918 3804 potest,
942 3721 1028 3808 ίίςπερ
1042 3720 1133 3788 αὐτόν
1149 3721 1253 3788 όίλεσεν
1267 3732 1386 3792 πολλῶν

272 3803 334 3888 μετ’
358 3803 469 3869 diluo:
494 3827 566 3886 quae
587 3808 674 3868 verba
696 3810 848 3888 permirum
870 3818 914 3867 est
935 3809 970 3866 ab
992 3809 1017 3868 l.
1041 3807 1081 3868 A.
1100 3808 1251 3890 Hartungo
1273 3810 1301 3868 in
1324 3809 1386 3870 dis·

273 3893 429 3951 sertatione
449 3890 484 3952 de
507 3892 770 3971 interpolationibus
791 3890 948 3970 Euripidis,
973 3912 1055 3970 quam
1077 3889 1194 3951 editioni
1216 3891 1385 3973 lpbigeniae

272 3973 437 4034 Aulidensis
460 3974 581 4047 adiecit,
606 3995 662 4032 non
684 3993 747 4034 esse
768 3994 820 4056 pro
839 3975 991 4054 suppositis
1015 3985 1121 4044 notata,
1146 3994 1230 4053 quum
1247 3977 1382 4057 plurima,

274 4077 346 4137 quae
369 4078 451 4137 quam
473 4059 594 4117 manime
616 4059 740 4136 genuina
761 4069 841 4131 sunt,
866 4057 900 4114 ab
923 4056 1172 4135 interpolatoribns
1188 4057 1299 4119 adiecta
1320 4063 1386 4120 exi-

274 4141 379 4200 stimet.
431 4140 537 4201 Essent
563 4141 651 4200 verba
680 4142 734 4199 ista
764 4143 825 4199 sine
847 4139 1021 4198 dubitatione
1044 4139 1218 4214 damnanda,
1252 4143 1385 4204 nisinen

275 4221 332 4281 diei
361 4235 457 4302 posset
486 4243 541 4303 qna
570 4244 670 4283 caussa
700 4243 789 4304 quove
812 4222 930 4282 oonsilio
952 4221 1047 4281 addita
1068 4234 1178 4296 essent,
1208 4235 1238 4284 et
1258 4228 1385 4303 genuina

274 4317 443 4384 essentque
466 4307 609 4387 aptissima
630 4307 724 4365 statim
746 4315 912 4384 appareret,
944 4305 1112 4386 simulatque
1134 4308 1302 4367 tollerentur
1321 4319 1386 4368 tur-

275 4404 325 4464 pes
355 4386 489 4460 mendae,
507 4381 622 4466 'quibus
651 4391 754 4447 laetum
785 4398 829 4446 est
856 4397 887 4444 ut
918 4388 975 4446 sint
1003 4389 1143 4462 absurda,
1177 4386 1263 4471 ίίςπερ
1292 4387 1386 4455 αὐτὸν

276 4469 382 4544 seriplo
405 4489 455 4546 pro
482 4489 517 4529 eo
539 4470 614 4548 quod
635 4482 719 4549 poeta
740 4479 873 4550 posuerat
894 4459 989 4552 ὦνπερ
1010 4467 1107 4546 αὐτός.
1150 4473 1194 4531 lta
1212 4467 1304 4548 αὐτὸς
1325 4496 1385 4536 non

276 4547 405 4627 Delphus
426 4551 493 4623 ille,
517 4551 567 4612 sed
588 4551 794 4631 Neoptolemus
813 4563 868 4611 est.
