2982 4948
774 331 849 403 102

708 513 926 589 ΧΟΡΟΣ.
1023 565 1029 590 .

240 661 242 668 =
358 609 405 688 λῶ
426 603 484 687 λῶ.
711 697 715 704 ,

360 734 398 810 τί
421 733 632 830 κεκίνηται,·
656 735 757 821 τίνος
779 732 1012 834 αὶοθάνομαι

362 859 492 950 θείους
516 867 663 959 κοῦραι,
689 859 867 950 λεύσσετ’,
892 857 1139 960 cuprinam

363 982 513 1082 δαίμων
534 961 598 1061 dds
623 1013 698 1075 τις,
723 984 858 1082 λευκὴν
880 986 1016 1085 αλθέρα

362 1106 688 1208 πορθμευόμενος,
713 1118 792 1188 τῶν
815 1106 1033 1210 ἱπποβότων

465 1233 596 1318 Φθίας
614 1233 754 1311 πεδίων
778 1233 971 1334 ἐπιβαίνει.

721 1447 860 1516 ΘΕΤΙ
862 1449 912 1516 Σ.
1264 1519 1267 1528 7

171 1571 254 1639 120⁰
262 1567 411 1660 Πηλιῦ,
433 1560 548 1664 χάριν
575 1572 655 1643 σῶν
678 1573 758 1643 τῶν
782 1562 901 1664 πάρος
925 1561 1211 1664 νυμφευμάτων

259 1687 339 1783 ἥκω
368 1688 469 1774 Θέτις
493 1694 653 1765 λιποῦσα
676 1691 828 1792 Νηρέως
852 1686 1009 1791 δόμους.

260 1811 326 1886 καὶ
349 1820 480 1915 πρῶτα
504 1813 576 1912 μέν
599 1838 657 1890 σοι
681 1820 760 1898 τοῖς
783 1820 1018 1912 παρεστῶσιν
1040 1818 1172 1922 κακοῖς

259 1935 380 2034 μηδέν
403 1967 439 2013 τι
465 1937 551 2015 λίαν
572 1937 774 2038 δυςφορεῖν
787 1933 1004 2037 παρῄνεσα·

261 2059 369 2164 κάχῶ
393 2060 488 2164 γάρ,
513 2063 562 2158 ἣν
587 2064 770 2140 άκλαυστ’
797 2065 909 2161 ἐχρῆν
932 2059 1070 2136 τίκτειν
1094 2057 1225 2148 τέκνα,

173 2199 255 2266 1205
264 2183 426 2262 άπῶλεῶ
452 2190 494 2262 ἐκ
519 2195 590 2264 σοῦ
606 2187 733 2264 ’παῖδα
756 2187 825 2264 τὸν
849 2184 971 2282 ταχὺν
996 2180 1117 2268 πόδας
1190 2238 1198 2252 .

348 2483 439 2545 1105.
482 2482 552 2543 Aid.
576 2478 696 2546 λεάσεά.
737 2483 808 2543 Par
831 2482 871 2543 A
897 2481 1221 2542 Gueif.Taur.}1avn.
1245 2475 1376 2543 ianicuv'.

263 2564 349 2624 Lasc.
373 2561 510 2628 λεύσσετ’.

348 2670 441 2735 1198.
484 2672 550 2732 Νεο
578 2672 719 2731 Matthiae
757 2689 810 2729 uec
839 2670 973 2748 Lenting'
946 2691 1008 2729 crus
1041 2666 1228 2743 adnotarunt,
1266 2672 1295 2729 in
1325 2669 1374 2730 ed.
1463 2655 1470 2672 ⁶

156 2833 157 2836 Ἴ
264 2753 350 2813 Lasc.
375 2754 432 2831 legi
453 2749 656 2862 πορευόμενος.

349 2859 442 2923 1200
487 2860 568 2920 Libri
584 2879 681 2920 omnes
699 2851 790 2957 χάριν
799 2861 859 2919 σῶν
873 2861 933 2919 τῶν
947 2852 1039 2939 πάρος
1052 2843 1276 2956 νυμφευμάτων,
1299 2817 1377 2940 qued

265 2941 406 3003 Matthiae
428 2964 512 3024 quum
533 2949 592 3006 τῶν
610 2949 670 3005 σῶν
690 2943 866 3021 scripsisset,
899 2961 954 3000 nnn
977 2942 1137 3006 meminisse
1159 2962 1189 3001 sc
1212 2943 1252 3000 ait
1272 2963 1324 3001 cur
1346 2943 1377 3003 id

266 3027 377 3086 fecerit.
422 3024 541 3086 Poterat
564 3047 631 3087 vero
651 3026 789 3124 reperire.
832 3024 909 3082 Nam
932 3045 1016 3103 quum
1031 3023 1131 3082 Thetis
1156 3037 1272 3122 prepter
1293 3047 1376 3086 suurn

266 3129 329 3168 cnm
352 3109 441 3169 Peleo
463 3112 624 3189 coniugium
646 3111 752 3180 veniet,
776 3107 846 3166 nihii
863 3127 937 3165 nunc
953 3106 989 3164 ad
1005 3126 1064 3165 rem
1082 3107 1161 3179 iacit,
1186 3107 1258 3166 sitne
1275 3110 1378 3167 etiarn-

266 3212 333 3251 uum
355 3194 459 3251 coniux
475 3192 568 3265 Pelei,
592 3213 629 3250 an
646 3193 712 3250 olim
734 3191 835 3248 fuerit.
865 3188 914 3247 sed
930 3190 997 3268 quia
1018 3190 1086 3260 fnit
1112 3210 1186 3248 nunc
1203 3201 1297 3250 autern
1317 3213 1377 3294 pon

265 3284 325 3345 est,
350 3276 441 3352 potuit
462 3275 532 3334 illud
553 3237 648 3336 dicere
669 3275 817 3374 pristinum
839 3292 920 3332 suum
937 3233 1117 3344 connubiuiu,
1142 3272 1217 3351 quod
1232 3282 1275 3334 est
1290 3270 1379 3355 χάριν

265 3361 325 3418 τῶν
353 3361 413 3418 σῶν
439 3353 533 3438 πάρος
560 3351 783 3436 νυμφευμάτων.
827 3355 860 3416 Si
881 3375 949 3416 vero
971 3356 1081 3414 veniret
1101 3367 1267 3434 propterca,
1300 3357 1378 3436 qued

267 3441 334 3498 oiim
360 3459 433 3500 uxor
456 3442 557 3500 inisset
575 3439 673 3513 Pelei,
704 3459 779 3498 nunc
801 3449 893 3498 autern
916 3458 972 3496 non
994 3448 1088 3509 esset,
1120 3448 1177 3496 turn
1200 3449 1277 3500 recte
1299 3439 1379 3500 dicet

265 3545 349 3602 χάριν
377 3527 438 3584 σῶν
465 3529 523 3584 τῶν
548 3519 642 3604 πάρος
666 3517 887 3600 νυμφευμάτων.
931 3519 1059 3594 Quod
1036 3541 1061 3578 ει
1083 3531 1176 3580 tamen
1199 3523 1240 3586 sic
1261 3523 1380 3602 scripsit

266 3604 450 3683 Euripides,
468 3607 570 3668 fecisse
601 3603 630 3664 id
658 3604 797 3683 putandus
823 3615 882 3674 est,
914 3615 946 3662 ut
967 3605 1083 3664 instem
1090 3622 1236 3664 caesuram
1259 3605 1380 3666 haberet

218 3709 226 3720 ‘
266 3705 377 3758 tersus,
396 3707 449 3745 nec
465 3708 517 3768 per
533 3687 661 3767 dipodias
677 3686 832 3748 incederet.
874 3646 910 3744 id
926 3685 1038 3784 quiden
1055 3687 1168 3766 assequi
1183 3690 1275 3767 potuit
1289 3690 1378 3748 etiem

268 3771 292 3829 si
314 3770 489 3870 scripsisset,
521 3768 596 3850 quod
624 3771 755 3829 veliem'
747 3792 775 3830 ιο
798 3771 893 3850 aliquo
915 3769 988 3830 lihro
1010 3771 1153 3829 inventum
1174 3781 1265 3844 esset,
1293 3766 1380 3854 χάριν

267 3871 322 3914 σου
342 3857 401 3914 τῶν
421 3847 514 3936 πάρος
535 3849 755 3934 νυμφευμάτων.

351 3957 443 4021 1202.
487 3957 557 4018 Aid.
581 3960 645 4018 rell.
668 3959 718 4022 καὶ
738 3967 839 4042 πρῶτα
858 3937 910 4042 μίν
932 3976 986 4021 σοι.
1029 3957 1110 4016 Fier.
1129 3957 1160 4020 2
1183 3957 1263 4019 vict
1288 3959 1378 4022 Lase.

268 4064 318 4102 και
337 4045 439 4121 πρῶτα
460 4039 513 4120 μὲν
534 4037 580 4122 dap.
623 4040 693 4102 Par.
716 4043 755 4104 E
778 4043 828 4106 ιιαλ
848 4047 948 4126 πρῶτα
968 4038 1022 4120 μὲν
1041 4035 1077 4119 dap
1100 4056 1154 4101 σοι.

352 4147 446 4210 1203.
489 4146 558 4207 Α1ι1.
582 4147 759 4229 εε11.μι]ὃίν
779 4173 807 4210 τι
826 4151 891 4220 λίαν
908 4170 940 4229 χε
956 4148 1136 4226 δυςφρονεῖν.
1179 4141 1294 4207 Caeteri
1312 4148 1382 4209 iibri

269 4248 324 4289 non
355 4229 461 4290 habent
486 4253 535 4313 pe,
565 4232 615 4314 scd
642 4233 727 4292 Lasc.
759 4243 839 4291 tenet
869 4233 1051 4309 ὃυςφρονεῖν.
1095 4227 1186 4290 Codd.
1206 4225 1383 4312 ὃυςφορεῖν,

269 4323 383 4390 praeter
402 4311 471 4372 Par.
495 4313 533 4374 A.
559 4307 610 4393 qui
629 4320 797 4397 συμφορεῖν.

320 4417 445 4481 1204
489 4418 569 4478 Flor
590 4419 640 4480 10
660 4421 711 4482 15.
735 4418 804 4482 Par
828 4417 865 4478 Β.
890 4409 1019 4481 tum&
1069 4418 1102 4478 In
1124 4415 1193 4478 Par.
1217 4417 1255 4478 Β.
1277 4439 1385 4502 versus

271 4499 401 4562 1205-
411 4499 502 4562 1218.
528 4499 639 4556 desunt.
1032 4559 1036 4570 Ι
