2982 4948
662 311 706 386 91

136 485 188 572 είς
211 485 259 583 ἦν
285 487 465 568 ἁπάντων
488 491 609 569 ταῖνδε
634 489 935 647 μηχανορῥοίφσς.

58 703 62 710 .
132 609 193 708 χιῖί
214 610 286 710 μὲν
310 615 397 690 κατ’
424 617 528 716 ι’ίμμα
551 615 641 702 στὰς
667 616 904 718 ποοςείχεται
929 621 1027 719 θεῷ·

136 765 172 812 οι
165 735 281 812 ”0’
262 736 483 835 υξυθήκτοις
507 739 716 845 φασγάνοις
741 741 965 840 ὡπλισμένα

135 859 307 939 κιντοιῖσ’
332 865 469 962 detexui
494 866 603 942 παῖδ’
626 868 814 964 Ἀχιλλέως
836 866 975 968 λοίθοᾳ.

132 993 250 1085 χωρεῖ
271 986 312 1064 (λε’
339 991 534 1088 πρύμναν·
571 994 616 1069 οὐ
641 992 714 1096 γὰρ
740 998 790 1078 είς
814 990 947 1093 καιρὸν
970 990 1096 1076 τυπεὶς

135 1107 327 1214 ἐτύγχαν’,
351 1116 482 1220 ἐξίλκει
498 1099 564 1205 de',
590 1117 655 1193 καὶ
679 1114 921 1216 παραστσίιλος

135 1236 326 1334 κρεμαστὰ
351 1237 470 1336 τεύχη1
489 1238 694 1318 πασσάλων
721 1238 994 1340 καθαρπάσας,

136 1361 222 1455 ἔστη
248 1361 305 1436 ’πὶ
326 1364 481 1467 βωμοῦ,
506 1367 641 1470 γοργὸς
666 1366 814 1461 ὁπλίτης
833 1366 928 1443 1οεῖν
934 1421 947 1454 ,

134 1481 212 1582 βοᾷ
237 1483 278 1560 dd
304 1492 464 1588 Δελφῶν
489 1491 628 1575 παῖδας
651 1491 813 1590 ἱστορῶν
837 1487 949 1565 udde·

135 1607 237 1694 τίνος
255 1611 299 1706 μ’
327 1613 428 1689 ἕκατι
448 1615 615 1704 κτείνετ’,
643 1615 805 1714 εὐσεβεῖς
826 1613 939 1698 deludo

135 1734 276 1829 ἥκοντα
282 1766 301 1841 ,J
325 1735 433 1824 ποίας
458 1740 616 1839 ὄλλυμαι
640 1736 731 1839 πρός
755 1740 901 1833 αῖτίας,·

34 1918 37 1922 .
136 1865 215 1936 ταῖν
241 1858 282 1935 d’
309 1859 421 1938 οὐδὲν
446 1863 567 1950 οὐδεὶς
590 1865 740 1967 μυρίων
766 1867 889 1940 ὄντων
913 1865 1023 1948 πίλας

137 1985 354 2091 ἐφθέγξατ’,
382 1989 464 2064 ἄλλ’
491 1991 650 2087 ἔβαλλον
671 1991 711 2064 ἐκ
732 1997 871 2087 χειροῖν
895 1989 1073 2091 unimores

137 2097 262 2208 πυκνῇ
281 2109 488 2213 'diutpaldo
512 2110 703 2189 πάντοθεν
727 2112 979 2212 σποδούμενος

136 2237 329 2334 προῦτεινε
354 2233 466 2334 τεύχη
489 2234 746 2337 κοῖφυλοίσσετ’
772 2235 951 2337 ἐμβολαῖς,

137 2363 252 2436 ἐκεῖσε
276 2361 420 2442 κάκεῖσ’
447 2362 579 2440 ἀσπίδ’
606 2363 779 2442 ἐκτείνων
800 2364 894 2466 χερί.

136 2561 414 2586 ...-.-.,-.-..-..

221 2692 314 2758 1085.
358 2694 434 2757 Vide
464 2694 500 2755 ad
529 2717 557 2757 v.
577 2669 650 2762 642
688 2695 736 2758 Ex
757 2698 847 2758 Horv.
865 2695 897 2758 2
922 2696 997 2755 mula
1018 2692 1162 2753 distinctio
1172 2705 1248 2774 post
1281 2647 1283 2651 Ι

32 2775 34 2780 ’
136 2765 177 2854 ἦν
199 2777 226 2835 iu
249 2777 319 2835 alias
335 2780 423 2837 venit.
467 2779 646 2852 Tollendum,
671 2781 738 2858 quia
754 2783 808 2839 iam
826 2800 882 2838 non
899 2789 961 2837 erut
976 2777 1097 2857 Delphis
1115 2778 1245 2850 Orestes,

139 2878 224 2938 quum
255 2859 304 2916 alii
333 2860 552 2933 intellexerunt,
584 2873 643 2920 tum
673 2864 782 2920 monuit
801 2861 964 2920 Lobeokins
993 2859 1030 2918 ad
1050 2858 1100 2918 Αἰ.
1125 2881 1154 2939 p
1173 2860 1246 2922 343.

139 2954 169 3002 et
195 2941 343 3000 brevius'
335 2963 363 3000 m
393 2943 485 3002 altera
511 2943 635 3004 editione
734 2945 785 3008 54.
830 2943 921 3002 ΝυΙΙιι
943 2940 1117 3000 distinctio
1110 2962 1138 2999 m
1160 2941 1246 3001 Lasc.

139 3022 209 3084 Ald.
233 3023 323 3084 Herv.
343 3025 374 3086 2.
398 3025 489 3086 Brub.
631 2945 763 3188 U

223 3123 316 3188 1000
359 3123 451 3184 Reate
469 3125 610 3184 Heatbius
631 3123 674 3200 ἔξε
724 3125 957 3226 tinterpretatur
973 3125 1104 3184 extrudat
1117 3123 1249 3202 gladium

139 3227 156 3266 e
176 3208 291 3284 unguina.
335 3206 426 3266 Pleue
447 3206 583 3268 dietum
575 3229 603 3266 m
620 3208 740 3268 lleeuba
756 3208 828 3271 544
850 3202 1002 3290 φάσγανον
1018 3205 1122 3282 ἐξεῖλιιε
1136 3210 1248 3268 κολεοῦ.

138 3289 180 3348 Et
206 3289 317 3366 glossa.
350 3287 467 3364 ἐξίλλω,
495 3293 626 3368 erogabo.
680 3290 811 3349 Gladium
836 3309 949 3370 semper
969 3290 1123 3386 gestabant
1139 3290 1248 3366 antiqui

140 3372 264 3444 Graeci,
302 3391 394 3452 neque
422 3384 485 3432 erat
514 3371 603 3476 quod
617 3372 757 3433 Matthiae
784 3384 958 3478 quaereret
961 3391 1044 3444 num,
1076 3373 1124 3451 qui
1152 3369 1248 3449 gladio

139 3457 250 3516 cinctus
272 3466 367 3540 esset,
393 3454 449 3514 diei
470 3467 567 3535 posset
587 3450 717 3536 ἆτευχής.
759 3451 875 3515 Nam'
858 3449 980 3534 ατευχὴς
1001 3456 1025 3513 is
1046 3465 1101 3526 est,
1125 3455 1173 3533 qui
1195 3473 1248 3514 nee

138 3550 249 3600 sontum
279 3557 371 3616 neque
392 3539 502 3616 galeam
523 3539 619 3600 babet.
671 3540 753 3600 Haec
775 3560 854 3600 arma
876 3538 1082 3640 Neoptolemus
1103 3535 1140 3598 de
1160 3539 1249 3639 posti·

137 3623 191 3682 bus
220 3620 362 3725 deripit'
354 3622 445 3700 risque
475 3642 506 3682 se
536 3623 622 3700 tegit.
655 3623 728 3684 unde
754 3634 798 3684 est
826 3644 855 3683 v.
875 3622 967 3685 1000.
990 3644 1030 3704 πρ
1032 3615 1141 3684 οίίτεινε
1162 3615 1247 3705 τείχη

137 3699 331 3785 κίιφυλιίσσετ’
356 3699 493 3784 ἐμβολάς,
517 3703 607 3768 ἐκεῖσε
627 3701 739 3768 κάκεῖν’
763 3687 863 3768 ἀσπίδ’
889 3646 1030 3768 ἐκτείνων
1041 3703 1109 3786 χερί.
1177 3725 1179 3728 ·

221 3805 314 3868 1008.
357 3803 391 3861 In
420 3803 501 3865 Flor.
522 3806 572 3872 15
596 3803 703 3864 exeidit
723 3805 838 3876 folium,
867 3824 923 3884 quo
945 3804 1162 3882 continebantur
1182 3821 1246 3861 ver-

138 3865 453 3950 sns1098—1187..

221 3982 319 4049 1000.
358 3985 439 4046 Libri
459 3985 510 4049 καί
531 3977 688 4064 φυλάσσετ’
713 3979 843 4085 ἐμβολάς.
886 3984 983 4043 Guell.
1008 3979 1084 4046 καῖ’
1088 3978 1243 4061 φυλάσσετ’

139 4062 269 4165 ἐμβολάς.
311 4068 498 4130 Recentiores
525 4069 649 4128 editores
670 4062 865 4174 adpoldooeu'
889 4061 1020 4165 ἐμβολάς.
1066 4066 1160 4130 Valde
1182 4088 1246 4146 spe-

138 4151 217 4210 ciosa
245 4159 290 4210 est
310 4150 454 4229 Lentingii
483 4155 648 4213 coniectura
675 4150 726 4212 ιιαλ
746 4144 920 4228 φυλάσσεται
938 4145 1034 4228 βολάς.
1081 4149 1183 4210 Potest
1202 4162 1249 4209 ta-

138 4253 202 4294 men
231 4232 344 4293 delendi
372 4231 502 4315 ἐμβολάς.
542 4236 620 4296 Nam
642 4226 731 4316 βολίιξ
752 4233 858 4293 evitare
881 4243 974 4312 potest
995 4234 1057 4313 quis
1079 4234 1166 4293 variis
1187 4254 1248 4294 mo·

138 4316 213 4378 tibus
234 4317 379 4396 eorporis,
409 4328 441 4376 ut
461 4321 671 4416 praetervolent
692 4336 763 4396 quae
785 4317 814 4374 in
836 4334 899 4377 euru
924 4317 1072 4377 mittuntur
1093 4316 1168 4376 tela.
1200 4315 1247 4398 ἒμ-

136 4394 226 4482 βολίις
242 4411 335 4460 autem
353 4401 403 4474 itu,
427 4412 459 4461 ut
479 4402 603 4480 excipiat
624 4400 735 4481 quidem
758 4409 838 4458 scuto
859 4399 904 4457 vel
925 4400 1031 4478 gelea'
1023 4410 1096 4458 retus
1112 4400 1244 4476 telorum,

138 4482 188 4545 sed
210 4484 323 4562 frangat
343 4502 440 4544 eorum
462 4485 536 4556 vim,
562 4495 668 4544 utnon
691 4484 795 4543 leniant
819 4502 921 4563 corpus
942 4484 1025 4563 eique
1046 4484 1210 4564 inligantur.
