3006 4952
650 299 699 372 29

522 486 554 554 E
562 487 654 556 PM
659 489 682 554 Ι
690 483 771 558 ΟΝ
776 488 825 558 Η.

119 641 257 730 μισοῦν
283 662 324 735 γε
346 631 507 732 πατρίδα
535 634 604 727 σὴν
626 635 810 730 Ἀχιλλέως
832 635 949 742 φόνῳ.

471 839 875 912 ANAPOMAXH.
1309 755 1468 972 ‘dt'

114 985 234 1080 Ἑλένη
261 1014 322 1063 νιν
348 989 476 1076 cdden',
504 990 573 1066 οὐκ
600 988 693 1092 ἐγώ,
717 987 837 1089 μήτηρ
858 1020 899 1094 γε
926 992 983 1087 σή.
1144 1008 1177 1075 *j
1195 935 1472 1086 Nost&

408 1157 411 1164 ’
511 1155 827 1268 armrorrra
1391 1216 1395 1234 ·
1493 1172 1497 1180 ’

115 1339 137 1434 ἦ
159 1340 222 1415 καὶ
243 1339 370 1439 πρόσω
390 1344 464 1446 ydp
488 1353 565 1422 τῶν
590 1349 691 1444 ἐμῶν
712 1343 869 1445 ψαύσας
891 1356 1019 1423 κακῶν
1026 1378 1038 1435 ;

459 1553 496 1622 Α
504 1553 545 1622 Ν
555 1550 869 1626 ΡΔΟΜΑΧΗ.

114 1693 198 1770 idm)
221 1704 348 1770 σιωπῶ
373 1696 626 1798 annotationes
650 1697 781 1798 στόμα.

517 1908 653 1978 EPM
654 1911 678 1978 I
685 1906 764 1980 ΟΝ
766 1909 816 1978 H.

113 2057 228 2127 ἐκεῖνο
253 2042 374 2143 ragno,
400 2052 514 2156 οὗπερ
541 2055 666 2134 οὕνεκ’
693 2053 859 2150 ἐστάλην.
904 2075 1121 2172 strofa-ca
1161 2103 1178 2115 ιι

462 2259 763 2342 ΑΝΔΡΟΜΑ
769 2262 815 2332 Χ
818 2262 869 2331 H.

112 2391 205 2493 λέγω
230 2393 268 2466 o'
291 2395 364 2496 ἐγώ
387 2403 481 2474 νοῦν
505 2395 575 2473 οὐκ
602 2401 696 2495 ἔχειν
722 2398 813 2474 ὅσον
839 2422 878 2474 σε
904 2397 970 2474 δεῖ.

512 2585 815 2659 ΕΡΜΙΟΝΗ.

110 2716 243 2817 λείψεις
267 2715 350 2795 add’
377 2721 496 2825 ἁγνὸν
518 2725 667 2822 Ιτέμενος
692 2722 838 2808 ἐναλίας
860 2725 974 2812 380ῧὶ

455 2910 493 2979 Α
500 2912 542 2981 Ν
542 2911 576 2978 Δ
586 2913 620 2979 Ρ
629 2909 661 2982 Ο
670 2912 762 2981 ΜΛ
770 2911 868 2981 ΧΗ.

110 3051 141 3118 εἰ
165 3043 217 3142 μὴ
242 3044 437 3142 recantant
461 3047 512 3148 γ’·
538 3054 570 3123 ελ
594 3047 636 3124 dd
650 3045 731 3158 μή,
759 3049 805 3123 οὐ
830 3045 945 3146 λείψω
973 3045 1070 3120 ποτέ.

190 3315 263 3376 248.
308 3313 376 3373 Ata.
409 3315 472 3374 rell.
496 3313 587 3396 μήτηρ
614 3339 645 3398 γε
667 3313 721 3396 σή,
751 3338 832 3397 quem
854 3317 1020 3393 Lentingius
1043 3326 1148 3374 temere
1170 3327 1215 3394 ty-

109 3398 247 3477 pographi
276 3417 401 3456 errorem
431 3418 493 3456 esse
523 3401 705 3478 pronunciat,
737 3400 812 3479 quod
842 3398 925 3458 codd.
953 3417 1051 3456 omnes
1077 3409 1106 3455 et
1126 3398 1211 3456 Lase.

109 3477 200 3562 μήτηρ
228 3478 261 3542 δὲ
288 3476 324 3560 σή
351 3481 488 3539 habeant:
521 3503 591 3561 quae
621 3485 767 3562 scriptura
783 3482 895 3542 defendi
917 3480 1027 3561 quidem
1050 3491 1158 3559 potest,
1190 3483 1215 3538 si

109 3566 218 3642 plenius
240 3576 304 3644 post
324 3557 407 3625 diteo'
427 3566 658 3644 interpungatur:
682 3566 732 3626 sed
747 3569 810 3646 quis
834 3587 889 3626 non
905 3565 1001 3624 videat
1016 3564 1103 3622 mrito
1122 3566 1215 3644 aptio-

109 3667 168 3706 rem
196 3668 258 3708 esse
288 3647 410 3709 Aldinae
441 3650 626 3728 scripturam?
663 3671 745 3731 qnam
772 3662 868 3710 tuetur
894 3651 978 3709 etiam
999 3647 1151 3708 Elmsieius
1179 3648 1214 3707 ad

110 3729 189 3789 Med.
212 3733 285 3796 94⁰.

114 3845 117 3852 ’
190 3830 262 3891 249.
306 3829 459 3889 Heathinm
489 3820 509 3910 ἦ
538 3829 587 3891 καλ
615 3828 714 3912 πρόσω
743 3853 775 3912 γε
797 3832 883 3890 scribi
909 3832 1049 3891 volentem
1079 3842 1156 3890 recte
1178 3831 1213 3889 ab

112 3907 261 3988 Lentingio
283 3914 457 3992 reprehendi·
474 3915 514 3972 ait
534 3914 693 3974 Matthiae:
717 3914 936 3992 indignationem
958 3917 1033 3973 enim
1055 3916 1213 3993 exprimere

111 3986 173 4072 γάρ.
214 3993 246 4051 ld
275 4008 304 4056 et
332 4015 383 4076 per
407 4018 437 4057 se
459 3999 559 4056 iaisum
581 4009 639 4069 est,
668 4009 715 4069 et,
747 3999 771 4056 si
793 4017 889 4058 verum
912 4008 1005 4068 esset,
1037 3994 1213 4056 defendendo

112 4071 222 4152 quidem
239 4074 311 4159 γάρ,
333 4101 388 4138 non
410 4080 560 4142 refutando
580 4103 612 4162 γε
634 4082 800 4152 inserviret,
828 4079 903 4159 quod
924 4082 948 4138 si
968 4081 1103 4158 scriptum
1125 4089 1211 4150 esset,

111 4158 283 4234 significaret
303 4165 384 4222 adeo.

191 4255 264 4318 254.
306 4258 517 4320 inconsiderate
538 4263 699 4322 Brunckius
719 4280 757 4321 ex
777 4259 846 4320 Par.
868 4259 908 4320 Α.
933 4258 1011 4320 dedit
1031 4260 1059 4322 ad
1085 4258 1137 4338 μὲν
1158 4266 1214 4321 θα-

110 4339 217 4418 νοῦμαί
235 4335 277 4422 γ’,
306 4363 357 4402 nec
379 4344 519 4404 Matthiae
545 4358 722 4406 caeterorum
744 4344 878 4404 librorum
901 4346 1024 4404 omnium
1045 4345 1212 4422 scripturam

110 4424 138 4486 sd
164 4418 203 4503 μὴ
231 4427 380 4502 θανοῦμαλ
406 4423 449 4508 γ’,
477 4445 511 4486 ac
542 4449 597 4488 non
628 4431 721 4509 potius
745 4427 954 4486 Brunokianam
979 4437 1078 4486 contra
1100 4447 1212 4488 sensum

110 4527 172 4567 esse
199 4507 333 4579 dixisset,
366 4510 389 4566 si
415 4511 569 4586 cogitasset
592 4512 659 4589 quid
687 4530 785 4571 sensus
815 4521 844 4569 et
872 4512 1018 4590 responsio
1039 4512 1212 4572 Hermionae
