3006 4952
674 347 710 400 Xl
848 367 854 377 ·

137 499 199 570 stri
216 499 482 578 Andromacham
506 531 579 582 eum
595 535 699 609 puero
716 517 929 598 abducentes.
964 526 1100 606 Interea
1123 537 1245 614 clerus

135 639 242 712 neque
262 619 359 692 unius
377 622 439 694 riri
461 624 585 723 duplex
608 631 810 728 coniugium,
836 661 942 736 neque
963 646 1033 719 ullo
1055 650 1090 722 in
1108 659 1245 752 negotio

135 730 272 804 divisam
298 735 386 809 inter
402 741 514 836 plures
535 753 730 842 potestatem
750 752 815 824 sili
841 759 978 850 probari
1002 763 1096 839 dicit.
1145 771 1244 847 Red-

135 860 214 922 eunt
236 859 303 924 tom
333 856 387 950 qui
415 856 455 928 ad
479 871 616 933 mortem
640 863 801 941 ducantur
821 872 1057 954 Andromacha
1086 891 1120 957 et
1140 887 1244 985 lilius,

134 966 237 1038 llelrili
252 973 398 1044 carmine
413 973 576 1048 fortunam
597 1004 688 1054 soem
705 985 935 1084 lamentantes,
954 1020 1036 1092 qnos
1050 1007 1243 1100 asperrimis

133 1085 242 1156 uerbis
264 1086 349 1159 mori
368 1090 460 1162 iubet
481 1092 677 1192 Menelaos,
709 1101 859 1202 nihilque
884 1119 1083 1190 commereri
1103 1145 1140 1194 se
1160 1147 1242 1222 pre·

131 1201 226 1274 cilrus
247 1229 360 1276 eorum
383 1207 538 1283 allirmat.
915 1211 923 1230 '

231 1370 286 1443 lbi
301 1398 378 1447 uero
397 1375 521 1451 Peleus
537 1379 682 1475 advenit,
708 1387 762 1458 cui
784 1414 880 1486 quom
898 1402 1069 1492 quaerenti
1087 1407 1164 1503 quid
1184 1410 1240 1485 lie

130 1495 249 1582 agatur
271 1492 387 1587 paucis
410 1518 479 1567 rem
509 1500 693 1594 aperuisset
715 1503 970 1605 Andromacha,
1003 1523 1150 1614 graviter
1179 1527 1239 1601 ille

10 1639 12 1648 =
130 1605 284 1704 obiurgat
299 1607 501 1686 Menelaum.
552 1612 636 1688 Inde
652 1618 824 1695 vehemens
840 1625 928 1700 inter
944 1638 1116 1735 utromque
1131 1642 1239 1716 alter·

129 1721 236 1814 catio,
270 1725 432 1822 solvitque
455 1728 528 1824 ipse
555 1728 679 1806 Peleus
708 1737 841 1812 vincola
864 1745 1140 1850 Andromachae,
1170 1785 1237 1834 non

129 1837 272 1912 audente
307 1843 485 1938 prohibere
518 1845 695 1924 Menelao:
741 1857 797 1953 qui
828 1846 942 1958 aperte
978 1868 1097 1943 timens
1130 1876 1236 1950 minas

128 1957 275 2053 quamuis
290 1960 470 2055 grandaevi
486 1966 588 2056 senis,
612 1970 814 2066 subigendae
837 1961 1006 2053 cuiusdam
1023 1988 1115 2060 urlris
1134 2015 1236 2088 prae·

126 2079 219 2162 tento
243 2076 377 2172 negotio
404 2076 561 2176 Spartam
582 2085 670 2176 alit,
697 2111 847 2178 caussam
877 2118 969 2168 suom
988 2124 1120 2177 reuerso
1138 2105 1236 2182 Neo·

124 2190 270 2286 ptolemo
287 2217 323 2264 se
346 2202 495 2267 aetorum
518 2197 642 2273 dicens.
695 2201 749 2276 En
773 2207 808 2278 in
833 2233 932 2282 scena
949 2238 1023 2288 cum
1039 2218 1233 2302 fortitudine

124 2305 222 2378 Pelei
244 2308 291 2378 ita
316 2312 500 2409 composita
516 2324 567 2387 est
579 2313 726 2392 Menelai
747 2323 892 2420 ignavia,
913 2338 950 2403 ut
971 2332 1031 2406 ille
1053 2361 1140 2412 nuno
1166 2366 1234 2418 uon

123 2426 232 2497 minus
256 2429 526 2524 contemnendus,
553 2457 650 2530 quam
666 2439 779 2533 praullo
803 2451 878 2515 ante
900 2445 1111 2527 detestandus
1130 2482 1233 2556 appa-

123 2551 208 2616 reat.
247 2543 342 2616 llaec
358 2571 458 2619 scena
473 2553 697 2626 memorabilis
719 2565 771 2629 est
792 2582 851 2652 eo,
880 2563 978 2660 quod,
998 2577 1034 2640 ut
1050 2569 1231 2652 Elmslcios

124 2661 165 2732 ad
183 2659 338 2734 Medeam
355 2689 387 2762 p.
403 2665 465 2736 72.
480 2665 556 2759 (58.
572 2669 623 2743 ed.
640 2670 755 2770 Lips.)
782 2673 876 2770 dicit,
898 2692 1053 2778 quattuor
1068 2712 1231 2785 personae

121 2778 157 2849 in
177 2803 279 2852 scena
294 2788 393 2854 stant.
425 2779 573 2856 Putabat
587 2793 694 2859 autem
711 2787 892 2868 Elmsleius
907 2823 1100 2878 concessum
1113 2810 1231 2906 luisse,

122 2903 170 2976 ut
186 2897 283 2992 p'ueri
311 2897 484 2993 loquentes
507 2909 604 2973 extra
635 2929 804 2979 numerum
835 2912 1134 3001 introducerentur.
1188 2927 1229 3000 Id
1302 3003 1304 3007 ,

120 3037 188 3086 uon
209 3013 311 3086 ¹oredo
332 3038 445 3086 verum
466 3025 553 3110 esse,
579 3019 637 3091 sed
661 3046 782 3117 pueros
811 3025 983 3104 dumtaxat
1005 3036 1045 3108 ad
1068 3043 1228 3138 agendum

120 3155 194 3202 osse
223 3130 407 3223 adhibitos,
444 3133 530 3229 quod
549 3140 774 3212 necessarium
798 3152 889 3236 erat,
924 3173 965 3222 no
995 3152 1069 3250 ipsa
1097 3162 1228 3256 specics

120 3246 250 3318 adultos
278 3247 485 3339 ostenderet3
523 3277 607 3347 quae
639 3255 691 3326 illi
719 3268 827 3331 autem
857 3265 1000 3341 recitare
1030 3275 1081 3346 rel
1108 3301 1229 3354 canere

119 3361 290 3452 delerent,
314 3372 462 3435 curatum
483 3375 563 3461 puto
587 3377 624 3440 ut
646 3370 763 3446 loistrio
785 3377 910 3472 sipario
932 3386 1037 3458 oculis
1057 3402 1228 3486 spectato-

117 3504 190 3552 rum
212 3479 400 3551 subtractos
422 3481 581 3563 recitaret
595 3497 779 3564 caneretrc.
829 3490 947 3592 Itaque
970 3500 1057 3575 idem
1092 3506 1226 3604 histrio,

118 3596 175 3692 qui
195 3593 313 3668 deinde
337 3594 477 3669 Peleum
501 3603 588 3695 agit,
629 3606 791 3682 cecinisse
822 3614 988 3708 potandus
1020 3623 1085 3696 erit
1110 3627 1225 3724 paullo

117 3720 194 3785 ante
218 3709 362 3784 Molossi
383 3713 530 3788 lamenta
550 3728 583 3791 et
606 3746 735 3819 preces.

216 3879 389 3956 Liberatis
423 3857 639 3985 periculoque
669 3895 791 3992 ereptis
820 3899 1057 3978 Andromacha
1088 3916 1122 3981 et
1154 3909 1223 3984 lilio

116 3997 187 4070 eius
223 3999 344 4070 cllorus
378 4026 474 4098 quam
510 4006 718 4102 praeclarum
753 4013 798 4085 sit
829 4017 934 4090 nobili
965 4046 1088 4116 genere
1116 4034 1224 4099 ortum

115 4109 188 4188 csse
212 4117 402 4212 praedicat,
425 4117 630 4218 Peleumque
649 4127 748 4198 ctiam
770 4141 909 4229 propter
928 4137 999 4212 aios
1021 4141 1102 4214 olim
1122 4142 1223 4218 lortia
1275 4223 1277 4225 ,

112 4234 202 4308 laeta
226 4232 379 4310 laudibus
401 4237 546 4312 extollit.

168 4478 172 4486 ,
213 4399 303 4479 aeta
322 4411 373 4478 est
398 4429 452 4480 res
476 4371 665 4504 potissima:
696 4414 733 4487 in
753 4422 825 4492 tuto
848 4428 925 4492 sunt
950 4422 1057 4548 enim,
1083 4449 1220 4526 quorum
