2982 4948
838 323 887 396 64

308 508 381 577 νῦν
409 499 449 576 d'
477 501 597 600 ἐχθρὰ
621 507 734 576 ποιεῖ·
766 503 835 600 τήν
861 509 1066 592 ἐπεξελθεῖν
1092 512 1192 588 θέλω
1227 537 1253 622 ,ἰή

309 623 624 725 στρατηλατήσας,
647 628 886 729 χύποχείριον
910 635 1049 730 λαβεῖν.

309 751 404 827 όταν
428 748 470 828 δὲ
494 751 601 826 τολκεῖ
624 755 686 827 θοῖ
711 755 808 830 κατὰ
833 755 989 860 γνώμην
1015 757 1126 857 ε’μήν,

237 876 394 972 725ήξω.
427 876 560 977 παρὼν
585 877 626 953 (λέ
651 877 743 978 πρὸς
767 879 955 981 παρόντας
980 887 1156 984 ἐμφανῶς
1262 923 1264 934 =

305 1000 501 1105 γαμβροὺς
524 1000 666 1088 cauden
690 1003 755 1080 καῖ
773 1003 973 1106 ιλιιλόξομαι
998 1007 1139 1114 λόγους.

263 1219 267 1226 .
306 1125 381 1203 adv
404 1126 475 1224 μὲν
499 1125 637 1225 κολάζῃ
660 1125 796 1224 τήνδε,
815 1132 879 1207 καὶ
903 1135 947 1210 τὸ
973 1134 1147 1232 λοιπὸνή

307 1249 492 1353 σώφρων,
518 1255 613 1329 καθ’
639 1254 738 1351 ήμοῖς
764 1253 935 1357 σώφρον’
962 1257 1211 1361 ἀντιλήψεται.

306 1375 548 1476 θυμούμενος
572 1377 614 1455 δὲ
638 1377 801 1466 τεύξεται
824 1386 1099 1482 θυμουμένων,

236 1507 445 1608 73οἔργοισι
470 1503 510 1580 d'
534 1506 626 1610 ἔργα
651 1503 799 1604 ‹luidntg³
826 1507 1074 1610 cirumcidetur.

306 1877 381 1917 auno
406 1867 523 1936 quartu,
557 1876 612 1935 quo
642 1867 768 1937 tempore
796 1856 962 1921 Alcibiades
991 1861 1102 1933 effecit,
1139 1871 1170 1918 ut
1188 1859 1292 1939 Argivi
1314 1862 1415 1922 foedus

306 1941 434 2002 lacerent
454 1961 517 2001 cum
532 1939 773 2000 Atheniensibus:
798 1941 833 2001 de
847 1963 902 2022 qua
918 1963 949 2003 re
966 1945 1096 2023 exposuit
1107 1943 1289 2024 Thucydides
1301 1946 1342 2007 V.
1358 1947 1412 2010 43.

305 2045 386 2107 seqq.
429 2023 526 2104 Argos
547 2044 617 2104 erge
639 2023 709 2084 dicit
728 2027 783 2084 istu
802 2021 888 2100 πόλις
907 2051 951 2101 τις
970 2026 1131 2086 Menelaus.

387 2149 462 2212 722.
505 2147 575 2207 Ald.
599 2149 664 2210 rell.
687 2149 773 2212 Lasc.
796 2161 827 2208 et
843 2148 913 2210 Par.
931 2145 971 2212 A.
988 2150 1026 2210 Ε.
1051 2144 1132 2230 τήνδ’
1147 2147 1310 2225 ἐπεξελθεῖν
1323 2152 1413 2216 θέλω.

303 2230 374 2291 Par.
397 2230 434 2291 B.
457 2230 498 2290 Ι).
521 2231 601 2290 Fler.
625 2230 664 2291 A.
692 2234 741 2295 10.
766 2233 817 2295 15.
841 2235 935 2313 pravis
956 2235 1080 2294 numeris
1099 2229 1180 2314 τήνδ’
1204 2233 1338 2298 ἐπελθεῖν
1357 2227 1416 2298 οὖν

302 2313 400 2413 θέλω,
420 2313 495 2412 quod
516 2315 616 2373 melius
637 2316 726 2373 visum
747 2315 1032 2415 Musgraviennesciu
1054 2321 1417 2422 quaecaussanreceperint

303 2394 946 2562 llltl..lttllt³..lll..t⁰.“⁶l².l
955 2411 1254 2564 ..llllllltll
1273 2402 1417 2566 lilii?

660 2644 939 2724 ι..

387 2771 461 2833 723.
511 2768 581 2829 Ald.
621 2769 685 2828 rell.
723 2766 952 2850 στρατηλατήσας
988 2767 1064 2845 ὥςθ’
1103 2766 1268 2853 ότιοχελριον
1304 2771 1419 2852 λαβεῖν.

303 2854 385 2914 Flor.
407 2852 448 2914 A.
464 2848 542 2926 ,οῖςτε
561 2853 659 2934 λαβεῖν
679 2846 852 2935 ότοχελριον.
894 2852 963 2914 Par.
987 2855 1024 2915 B.
1047 2854 1088 2915 D.
1112 2855 1192 2914 Flor.
1218 2857 1264 2919 ll).
1287 2857 1339 2918 15.
1363 2858 1420 2920 καὶ

302 2940 402 3018 λαβεῖν
429 2931 601 3020 ὑποχείριον.
651 2937 746 2996 llavn.
774 2934 825 2998 καλ
852 2932 1018 3021 ὑποχείριον
1043 2940 1150 3018 λαβεῖν.
1202 2938 1298 2997 Guell'.
1320 2939 1415 3000 Taur.

302 3017 334 3086 τ’
359 3017 524 3104 ὑποχείριον
543 3021 650 3101 λαβεῖν.
699 3018 768 3079 Par.
791 3020 831 3079 A.
862 3019 899 3080 E.
931 3021 1011 3081 Flnr.
1040 3024 1072 3085 2.
1111 3023 1191 3084 Vict.
1215 3021 1301 3106 Lasc.
1323 3018 1419 3104 χεῖτα-

185 3161 189 3168 ,
302 3105 346 3186 χεῖ
364 3127 410 3166 ιον
438 3106 555 3185 λαβεῖν,
592 3116 624 3162 ut
652 3105 815 3163 coniecerat
841 3102 991 3164 anesius
1019 3107 1048 3164 in
1074 3106 1162 3165 Misc.
1195 3107 1267 3164 crit.¹
1283 3127 1311 3186 p.
1336 3107 1415 3170 309.

305 3130 363 3248 sel
382 3188 592 3249 Valckenarius
619 3198 648 3247 et
667 3184 823 3246 Piersonus
851 3188 879 3245 in
900 3187 998 3248 Veris.
1022 3209 1051 3270 p.
1070 3190 1121 3252 64.
1145 3185 1215 3262 dign
1235 3189 1345 3272 κειρίαν
1363 3195 1419 3252 λα.

302 3273 383 3351 βεῖν,
413 3268 488 3351 qued
511 3281 681 3350 receperunt
700 3267 854 3330 Dindurlii.
1017 3277 1019 3282 ’

385 3396 460 3458 728.
503 3393 759 3474 lnterpungebatur
780 3394 840 3452 sic:
864 3387 921 3455 τόν
935 3393 990 3498 μέν
1004 3389 1109 3480 κολάζῃ
1121 3390 1216 3475 τήνδε,
1238 3394 1288 3457 καῖ
1302 3390 1335 3458 τὸ
1352 3401 1417 3458 λοι-

302 3470 402 3567 πὸνή
426 3473 552 3560 σαόφρων
571 3474 643 3539 καθ’
666 3472 753 3556 ήμᾶς,
775 3472 902 3557 σώφρον’
927 3474 1122 3558 αντιλήψεται.
1174 3477 1207 3536 ld
1228 3499 1283 3538 uon
1305 3492 1415 3557 potest,

303 3562 379 3642 quod
407 3563 523 3635 volunt,
561 3562 722 3639 significare
751 3562 892 3620 modestus
919 3581 992 3638 erge
1013 3582 1076 3622 nos.
1121 3560 1326 3639 coniungenda
1346 3576 1419 3623 sunt

301 3641 376 3708 καθ’
398 3639 477 3725 ήμᾶς
497 3638 625 3725 σώφρον’
653 3636 849 3722 ἀντιλήψεται,
870 3642 944 3722 quud
965 3656 1010 3706 est
1030 3665 1049 3704 α
1071 3655 1171 3704 nestra
1189 3655 1283 3722 μονλε.
1325 3644 1419 3705 Attu-

303 3729 336 3787 lit
357 3725 494 3808 quaedam
516 3747 572 3786 nnn
593 3725 739 3785 dissimilia
761 3725 922 3786 Lnlreclrius
942 3727 979 3786 ad
999 3727 1085 3786 Aiac.
1103 3731 1177 3790 775.
1221 3727 1318 3807 Magis
1334 3749 1419 3789 com-

302 3813 398 3892 parari
414 3821 508 3891 potest
522 3811 577 3868 hoc
599 3810 628 3868 in
643 3808 734 3869 Aiace
750 3829 778 3868 v.
799 3811 891 3874 1398.
915 3805 951 3872 eri
968 3808 1000 3872 δέ
1016 3805 1091 3891 ἀνὴρ
1111 3805 1187 3871 καθ’
1205 3805 1283 3891 ἡμᾶς
1303 3808 1419 3887 ἐσθλός

303 3891 346 3958 εῖν
368 3894 521 3968 ἐπίστασο,
543 3893 615 3952 male
636 3892 706 3952 illud
726 3894 897 3973 explicatum
921 3913 938 3952 a
958 3893 1147 3972 Moschepulo
1170 3892 1275 3954 Sched.
1299 3917 1329 3975 p.
1356 3898 1415 3959 27.

227 3997 232 4010 ·
303 3979 379 4060 quod
396 3979 468 4040 verti
489 3987 582 4058 potest
601 3988 702 4038 nestra
721 3980 874 4037 sententie.

338 4115 341 4120 '
383 4101 457 4165 729.
481 4099 554 4163 730.
598 4098 656 4158 Ριο
676 4097 872 4178 θυμουμένων
891 4098 960 4157 Par.
984 4096 1021 4158 B.
1045 4097 1125 4157 λλον.
1145 4097 1196 4161 10.
1215 4101 1266 4162 15.
1297 4107 1419 4180 θυμου-

302 4186 424 4266 μένους,
452 4181 526 4263 qund
553 4184 662 4262 recepit
681 4182 859 4261 Lentingius.
917 4181 1023 4240 Omissi
1044 4183 1075 4241 hi
1095 4201 1194 4241 versus
1216 4183 1245 4241 in
1265 4183 1347 4244 Flor.
1372 4185 1417 4245 A.

301 4271 350 4348 qui
373 4267 553 4326 vitiosissime
573 4268 694 4345 scriptus
717 4277 771 4337 est,
795 4284 893 4324 errore
910 4274 972 4323 orto
988 4284 1024 4324 ex
1040 4265 1145 4345 duplici
1161 4261 1360 4346 denutriamur,
1386 4280 1421 4327 ut

300 4351 509 4411 Valckenarius
526 4347 561 4407 ad
576 4347 687 4408 Phocn.
706 4349 779 4410 300.
798 4348 967 4407 observavit.
1012 4347 1044 4408 ld
1066 4351 1134 4408 satis
1150 4359 1222 4420 erat,
1239 4353 1417 4425 nemetiam,

302 4445 334 4491 ut
362 4431 435 4510 apud
464 4431 643 4509 Lentingium
676 4449 787 4490 versum
811 4432 884 4495 730.
913 4434 1037 4512 spurium
1067 4433 1149 4493 etin
1173 4433 1225 4492 lnac
1245 4432 1312 4493 sede
1338 4437 1421 4514 puti-

302 4514 368 4573 dum
393 4526 517 4573 vocaret.
