2982 4948
825 371 875 448 58

293 553 385 652 ἡμῖν
406 553 446 630 δ’
474 551 598 649 ὀνείδη
622 552 686 630 διὰ
712 559 877 658 γυναῖκα
897 550 1117 654 βάρβαρον,

292 679 341 775 ἣν
362 686 459 778 χρῆν
485 679 523 755 o'
549 674 718 755 ἐλαύνειν
741 677 817 756 κᾶν
840 677 933 780 ὑπὲρ
956 677 1088 755 Νείλου
1114 677 1202 778 ῥοὰς

293 802 387 903 ύπέρ
412 833 452 878 τε
473 807 601 880 Φᾶσιν
608 858 621 901 ,
645 803 741 902 κάμὲ
763 812 875 880 τοῦτο
901 810 1148 904 παρακαλεῖν,

294 925 414 1005 οὖσαν
437 927 510 1027 μὲν
529 930 765 1031 Ἡπειρῶτιν,
791 925 836 1005 οὗ
862 926 1056 1030 πεσήματα

224 1051 637 1140 cornuumaueniens
661 1055 827 1132 πέπτωκε
851 1039 1026 1155 δοριπετῆ
1048 1059 1212 1154 νεκρῶν,

292 1186 360 1255 τοῦ
386 1186 456 1255 σοῦ
480 1208 520 1254 τε
543 1178 676 1264 παιδὸς
701 1183 856 1278 αἵματος
878 1181 1144 1281 κοινουμένην·
1242 1211 1250 1223 ·

295 1347 574 1362 m

292 1428 399 1509 aliquid
417 1440 575 1510 putemus,
606 1431 632 1488 si
655 1431 778 1490 refertur
800 1429 892 1509 κῆδος
920 1423 1054 1508 §oedipum
1081 1427 1118 1488 ad
1142 1420 1263 1509 ἦμῖνδ
1291 1419 1401 1502 ὀνείδη,

292 1513 345 1572 hac
367 1515 525 1573 sententia:
564 1514 676 1592 quondo
702 1525 750 1586 tu,
785 1515 838 1594 poi
854 1515 954 1574 Peleus
977 1524 1008 1574 ct
1033 1515 1112 1573 eluro
1135 1523 1222 1591 putre
1240 1519 1331 1570 notus
1356 1527 1399 1578 es,

292 1595 437 1678 affinitate
458 1598 575 1668 ιἀπελα,
607 1617 659 1657 nce
681 1607 709 1657 tu
738 1599 826 1677 dr'gau
849 1607 881 1657 ct
900 1598 973 1656 mula
990 1597 1177 1679 opprobrioso
1196 1595 1280 1656 διἀἐ.

376 1694 449 1758 637.
494 1690 608 1753 Libriu
589 1719 627 1774 ην
641 1701 714 1778 χρῆν
734 1713 753 1758 u
756 1690 911 1758 ’ἐλαύνειν
922 1691 1019 1776 τήνδ’.
1048 1693 1082 1753 ld
1093 1693 1224 1754 Porsono
1237 1691 1273 1751 ad
1285 1691 1397 1752 Phocn.

291 1779 385 1842 1613.
413 1789 528 1858 propter
556 1777 669 1884 duplex
708 1799 844 1838 ronomen
869 1778 1019 1840 videbatur
1044 1778 1207 1839 mendosum
1236 1795 1310 1836 esse.
1352 1773 1400 1837 Ac

290 1861 427 1921 Reislrius
457 1882 540 1942 quum
561 1857 626 1941 τῆλ’
650 1799 722 1943 delo
745 1861 855 1924 Νείλου
857 1857 948 1960 ,ῥοὰς
969 1863 1155 1935 coniecisset,
1187 1860 1348 1920 Bruuchius
1370 1857 1401 1917 id

290 1946 376 2005 ctiam
398 1965 461 2006 cum
484 1956 645 2025 contemptu
667 1965 781 2018 eorum,
818 1945 865 2024 qui
887 1944 1065 2017 dubitarent,
1097 1947 1215 2046 recepit.
1258 1941 1401 2003 Probabi-

290 2028 402 2088 liusL.
426 2028 592 2089 Dindoriius
613 2028 792 2090 scribendum
807 2029 920 2128 putavit
928 2051 964 2091 ον
978 2033 1050 2110 χρῆν
1064 2023 1194 2089 λαονειν
1206 2021 1300 2107 τηνδ
1337 2025 1427 2086 De-'

291 2109 382 2170 fendit
402 2111 538 2172 lihrorum
564 2114 733 2193 scripturam
750 2111 920 2173 Matthiae
913 2133 941 2172 ιο
963 2112 1195 2191 grammatica}
1214 2110 1287 2174 468.
1311 2120 1341 2168 et
1361 2109 1401 2170 ad
1473 2181 1474 2192 χ

290 2193 402 2254 Phocn.
428 2196 520 2258 1597.
563 2196 610 2258 Ac
631 2217 710 2270 sane,
735 2197 783 2276 qui
805 2197 845 2255 ita
865 2197 1028 2278 loquuntur,
1051 2193 1142 2255 videri
1161 2205 1288 2274 possunt,
1312 2213 1399 2272 quum
1473 2221 1474 2224 ¹

289 2297 444 2356 pronomen
466 2278 613 2337 relativum
635 2281 873 2359 pronunciarunt,
905 2281 985 2359 quasi
1006 2279 1178 2339 haesitantes
1200 2277 1267 2359 quid
1288 2275 1397 2352 dicant,
1473 2353 1474 2360 ρ

290 2359 392 2420 deinde
413 2359 449 2419 de
471 2361 582 2440 integro
603 2362 751 2422 absolvere
767 2364 946 2423 sententiam.
984 2361 1070 2436 Quod
1085 2364 1148 2422 lit'
1140 2383 1169 2424 ιιι
1190 2361 1397 2440 indignatione,
1473 2375 1474 2392 ¹

290 2453 323 2502 ut
342 2442 417 2548 apud
439 2442 638 2548 Sophoclem
631 2466 659 2503 ιο
682 2444 806 2504 Philoct.
830 2446 903 2508 315.
927 2439 973 2518 οἷς
988 2441 1145 2524 Ὀλύμπιοι
1164 2443 1298 2510 θεολ
1318 2443 1400 2508 δοῖεν

288 2521 357 2589 ποτ’
381 2522 503 2599 αιἰτοῖς
501 2523 655 2590 Ιιῖιντίποιν’
679 2526 751 2626 ἐμοῦ
778 2531 897 2589 παθεῖν.
951 2469 1034 2586 Alios
1064 2529 1114 2607 qui
1142 2527 1176 2587 de
1206 2529 1259 2587 hac
1286 2529 1398 2588 ratione
1473 2559 1474 2568 ι

288 2609 422 2689 loquendi
443 2609 567 2670 dixerint
588 2611 743 2670 nominarit
761 2607 925 2711 Pilugkius.
968 2610 1086 2682 Simile,
1115 2609 1165 2670 sed
1186 2611 1281 2714 paullo
1302 2609 1399 2676 diver

287 2713 349 2752 sum
371 2704 416 2752 est
435 2694 490 2751 hoc
518 2714 547 2753 v.
569 2683 715 2756 1084.
691 2716 733 2754 ων
756 2688 1012 2774 Κλυταιμνήστρας
1031 2687 1118 2764 τόκος
1138 2683 1221 2766 εἷς’
1199 2716 1238 2792 po
1259 2687 1399 2755 ύπύντων

286 2775 378 2837 τῶνδε
398 2771 631 2874 μιχχανοῤῥύφος.
680 2775 713 2835 ln
733 2774 953 2836 Andromachae
982 2787 1076 2835 tamen
1096 2795 1180 2836 versu
1202 2779 1263 2856 ipsa
1283 2775 1399 2836 videtur

287 2861 428 2918 sententia
453 2860 615 2938 postulare,
647 2871 680 2919 ut
708 2860 835 2918 nonnihil
865 2861 1054 2958 restringatur
1082 2860 1184 2918 nimia
1197 2860 1394 2961 exaggeratio.

224 2992 227 3001 ,
287 2942 384 3015 Quare
413 2943 505 3002 eiecto
530 2963 629 3002 versus
659 2943 864 3023 complemento
891 2944 1002 3004 restitui
1031 2962 1114 3024 quam
1144 2944 1313 3022 requirimus
1338 2937 1399 3005 κδιν

286 3027 464 3106 particulam.

369 3126 442 3189 638.
485 3124 566 3184 Libri
587 3107 663 3205 κάμὲ
690 3127 867 3209 παρακαλεῖν
892 3121 953 3200 del,
982 3090 1096 3205 praeter
1122 3123 1193 3184 Par.
1216 3122 1255 3184 A.
1287 3125 1316 3183 in
1338 3145 1397 3204 quo

88 3283 91 3291 Ι
170 3249 173 3254 ,
287 3228 370 3288 quum
387 3207 437 3270 καλ
451 3213 627 3290 παρακαλεῖν
643 3151 764 3314 legatur,
787 3209 949 3269 Brunclrius
971 3210 1120 3287 genuinam
1142 3208 1309 3287 scripturum
1331 3227 1397 3269 esse

282 3291 403 3398 putabat
428 3289 478 3352 καλ
493 3233 695 3372 ’παρεμβαλεῖν
720 3288 774 3355 del.
826 3291 910 3368 Quod
938 3311 993 3372 ego
1022 3293 1217 3367 conieceram,
1246 3289 1297 3353 καὶ
1321 3289 1398 3373 πέρα
1473 3349 1474 3370 ,

282 3370 448 3454 ’κβαλεῖν’
432 3373 487 3452 usi,
510 3376 619 3475 recepit
638 3375 789 3450 Matthiae,
813 3375 893 3438 sed
885 3398 914 3436 ιιι
936 3375 1117 3435 adnotatione
1134 3377 1251 3435 haerere
1267 3394 1298 3434 se
1323 3373 1398 3436 dixit

285 3459 316 3516 in
337 3459 475 3518 infinitivo
497 3460 595 3519 aoristi
624 3470 688 3539 post
716 3479 849 3540 praesens
870 3455 1017 3532 ἐλαύνειν,
1057 3480 1140 3539 quum
1171 3479 1263 3518 sermo
1292 3459 1333 3518 sit
1358 3457 1396 3519 de

287 3543 398 3600 actione
421 3544 565 3602 continua.
608 3542 719 3602 Recte.
744 3542 793 3603 scd
816 3541 884 3622 quid
905 3543 1035 3602 ohstahat
1058 3563 1113 3623 quo
1135 3544 1226 3602 minus
1247 3537 1396 3622 ἐκβάλλειν

286 3623 445 3684 scriberet?
494 3625 573 3686 Vere
599 3635 692 3683 tamen
719 3626 773 3684 hoc
798 3645 862 3684 cum
884 3626 1057 3686 intellexisse
1078 3637 1165 3704 puto,
1205 3646 1260 3685 non
1283 3636 1397 3684 mutan·

286 3704 351 3764 dum
381 3724 443 3764 esse
472 3702 546 3785 κάμὲ
565 3713 757 3804 παρακαλεῖν.
797 3707 847 3768 sed
876 3720 905 3768 et
933 3711 993 3808 ipsc
1019 3711 1048 3769 in
1080 3708 1246 3787 exponenda
1266 3707 1397 3769 Menelai

286 3789 444 3862 sententia,
484 3800 514 3848 et
546 3791 594 3868 qui
622 3789 735 3851 brevius
764 3803 848 3872 atque
874 3793 1001 3852 exactius
1030 3793 1071 3850 sic
1106 3793 1306 3872 interpretatus
1336 3804 1393 3867 est,

285 3871 452 3972 Pllpglrius,
476 3893 592 3952 meque,
624 3886 656 3932 ut
684 3873 757 3935 idem
779 3896 911 3954 agerem,
940 3877 1097 3936 adhortare
1118 3875 1258 3946 debebas,
1290 3875 1395 3936 callide

182 3965 186 3979 ¹
286 3957 442 4016 omiserunt
463 3954 607 4028 indicare,
639 3955 741 4036 quid'
727 3958 772 4022 αελ
792 3961 846 4018 sihi
866 3960 970 4029 vellet,
995 3956 1069 4038 quod
1091 3959 1159 4017 mihi
1181 3958 1293 4038 quidam
1313 3958 1397 4019 vide·
1473 3959 1474 3994 ³

286 4051 333 4099 tur
353 4059 416 4100 esse
438 4039 651 4120 ineptissimum.
706 4042 771 4104 Nec
792 4053 860 4123 puto
882 4041 911 4101 id
931 4001 1008 4100 aliud
1030 4060 1091 4100 csse
1114 4061 1196 4121 quam
1218 4042 1395 4103 additamen-

285 4135 344 4184 tum
366 4123 495 4196 metrici,
527 4144 582 4203 quo
603 4143 714 4184 versum
736 4127 879 4224 expleret,
911 4145 995 4224 quum
1017 4123 1169 4184 excidisset
1188 4130 1282 4188 τοῦτο.
1342 4127 1394 4186 Sic

286 4207 361 4266 enim
389 4216 467 4266 recte
496 4226 526 4267 sc
556 4207 659 4268 hahent
687 4210 799 4282 omnia,
832 4211 856 4268 si
884 4209 997 4288 scripsit
1024 4207 1176 4288 Euripides
1205 4205 1278 4289 κᾶμέ
1305 4215 1394 4272 τοῦτο

286 4294 470 4370 παρακαλεῖν.
496 4289 545 4350 Id
567 4312 622 4350 non
642 4290 766 4352 dubitavi
788 4311 936 4373 reponere.

369 4379 640 4462 639.11ειεε,
603 4411 639 4452 oo
659 4386 808 4493 πεσήματα
827 4386 942 4456 πλεῖσθ’
959 4384 1147 4466 Ἑλλάδος’
1109 4413 1240 4456 πεπτακε
1255 4390 1307 4473 δορ
1308 4395 1395 4475 ιπετῆ

179 4545 187 4550 ψ
287 4473 414 4553 νεκρον,
434 4472 618 4533 afferuntur
610 4494 638 4534 m
660 4473 789 4538 Crameri
808 4474 921 4539 Anecd.
944 4477 1002 4536 vol.
1025 4474 1080 4536 lV.
1103 4497 1132 4559 p.
1152 4476 1226 4548 418,
1246 4415 1307 4538 mu

371 4565 521 4634 641.1ιι
549 4568 619 4632 Par.
643 4572 682 4636 A.
704 4573 784 4638 deest
803 4598 844 4642 τε.
896 4577 954 4642 Pro
975 4596 1011 4637 eo
1033 4575 1193 4640 Brunclrius
1214 4577 1328 4655 scripsit
1347 4575 1394 4654 δὲ,
