3006 4952
648 379 722 432 xvh

124 550 221 630 Α’ίας
246 548 410 622 adiectum
437 547 484 622 οὶλ
503 546 696 620 declarandi
725 557 853 623 caussa.
892 548 1073 639 ‚similior
1101 555 1233 633 inverso
1276 567 1280 571 ’

125 666 242 739 ordine
268 662 390 762 φίλος,
418 661 449 737 ὦ
476 662 664 750 Μενέλαε,
692 664 733 738 de
759 690 824 761 quo
850 665 922 738 dixi
949 669 991 740 ad
1016 669 1231 750 Homericum

123 783 277 878 hymnum
301 782 473 879 Apollinis
497 807 534 862 v.¹
557 779 619 856 14.
667 781 765 872 Quod
791 783 820 873 si
845 785 940 877 talia,
968 789 1065 883 quale
1091 790 1156 865 hoc
1181 804 1232 867 est

123 899 158 970 in
176 897 365 998 ¹Sophoclis
391 898 531 973 Electra
555 887 722 972 ι.1354.

222 1061 253 1138 ὦ
279 1062 461 1163 φίλτατον
486 1072 585 1163 φάς,
613 1061 644 1137 ὦ
668 1059 783 1160 μόνος
809 1064 930 1166 σωτὴρ
957 1065 1089 1164 ἀόμιον

216 1179 510 1282 Ἀγαμέμνονος,
536 1187 615 1262 πῶς
637 1175 771 1274 dide&

106 1351 184 1423 'hoc
208 1350 420 1447 significant,
449 1377 471 1425 o
498 1361 544 1424 ta
570 1351 640 1451 qai
656 1375 696 1426 es
722 1349 827 1440 tulos,
853 1349 967 1422 eodem
993 1353 1089 1426 rvvodo
1115 1357 1228 1453 expli-

118 1468 190 1539 cari
212 1469 335 1565 poterit
362 1462 392 1538 ὦ
409 1461 564 1560 τλάμων
580 1461 708 1560 πάτερ,
734 1467 820 1564 quod
838 1474 890 1558 est
905 1467 940 1540 in
959 1469 1067 1542 Aiace
1093 1494 1124 1545 v.
1140 1471 1228 1546 641.

117 1583 302 1658 Nam'etsi
331 1584 380 1655 ihi
414 1585 513 1656 etiam
542 1589 704 1676 τλᾶμον,
739 1583 825 1679 quod
850 1585 886 1654 in
913 1586 1106 1680 quibusdam
1130 1589 1228 1664 libris

117 1708 188 1791 est,
220 1701 323 1774 scribi
349 1707 480 1797 potest,
495 1708 615 1772 tamen
638 1699 875 1772 nominativum
898 1710 1010 1776 tuetur
1033 1705 1227 1778 Androma-

117 1815 200 1914 chae
233 1841 347 1890 vorsus
376 1813 464 1891 345.
497 1817 532 1888 in
559 1841 623 1914 quo
656 1841 717 1914 per
742 1828 882 1890 metrum
903 1845 967 1892 non
995 1821 1103 1918 potnit
1127 1823 1227 1896 alitor

116 1956 214 2028 quarn
240 1927 271 2004 ὦ
296 1927 448 2028 τλήμων
474 1933 563 2029 ἄνερ
590 1935 677 2027 dici,
702 1934 767 2007 nisi
794 1936 868 2032 quis
895 1931 925 2006 ἀι
950 1934 1103 2027 τλήμων
1129 1935 1225 2035 ἀνὴρ

115 2050 253 2122 scribat.
284 2081 286 2084 ’
317 2048 389 2124 Sed
435 2050 632 2124 crediderim
675 2058 784 2123 tamen
821 2050 1008 2125 huiusmodi
1049 2051 1225 2146 adiectiva,

116 2189 200 2261 quae
231 2165 266 2238 in
294 2193 348 2239 ιον
383 2167 620 2258 terminantur,
656 2166 767 2262 potius
799 2167 963 2264 duplicem
990 2173 1131 2243 vocativi
1156 2171 1225 2244 lor-

115 2307 199 2354 mam
233 2282 377 2375 hahere,
413 2283 519 2356 donec
551 2283 714 2378 exemplis
750 2283 992 2356 demonstretur
1024 2286 1123 2358 etiam
1156 2283 1224 2362 dd-

116 2422 248 2491 σιηνος
273 2395 538 2495 ontddcpopoc
563 2398 678 2496 πάτερ
706 2401 758 2472 vel
783 2399 873 2486 aliud
894 2401 972 2498 quid
998 2400 1225 2478 huiuscemodi

115 2539 188 2588 osse
222 2515 358 2589 dictum.
414 2515 493 2590 Non
525 2516 659 2589 credam
684 2516 945 2614 Aristophanem
978 2518 1012 2589 in
1037 2521 1166 2592 Avihus
1194 2547 1225 2594 v.

115 2631 226 2710 1467.
252 2633 427 2730 scripsisse

216 2797 285 2872 οὐκ
311 2793 563 2894 ἀπολιβάξεις,
591 2795 621 2871 ὦ
649 2794 798 2872 κάκιστ’
826 2797 1087 2898 ἀπολούμενος,
1121 2833 1124 2838 ·

113 2993 210 3065 quum
248 2967 402 3039 usitatum
434 2965 478 3037 sit
512 2947 992 3060 ὥκάκιστ”ἀπολσάιιενε,
1028 2969 1115 3064 qnod
1147 2970 1222 3043 cdd.

112 3083 276 3158 Snidae
266 3109 309 3154 m·
328 3076 562 3176 ἀπολιβάξεις
587 3082 723 3175 hahent,
747 3082 804 3154 sed
832 3083 926 3155 codd.
945 3084 989 3157 A.
1010 3083 1055 3154 Β.
1077 3109 1221 3182 σοιιιιοιι-1

112 3201 199 3273 tiunt
223 3225 296 3273 cnm
322 3200 418 3272 lihris
434 3198 705 3294 Aristophanis
695 3224 730 3270 m
754 3201 972 3294 nominativo,
1000 3227 1096 3298 quom
1121 3212 1221 3276 tuen-

112 3325 167 3388 tur
193 3319 293 3388 etiam
312 3295 438 3388 Suidoc
462 3317 540 3386 libri
566 3339 678 3400 omncs
700 3316 734 3384 in
754 3315 823 3386 οὐκ
841 3313 1082 3412 ἀπολιβάξεις.
1136 3322 1220 3394 Ari-

111 3431 324 3530 stophanem,
350 3431 380 3504 si
403 3429 639 3504 nominativum
666 3431 796 3536 posuit,
823 3434 998 3542 scripsisse
1021 3445 1117 3536 puto.
1216 3508 1220 3519 ,

115 3621 119 3624 ·
212 3587 283 3661 οὐκ
310 3581 611 3682 ἀπολιβάξεις,·’
588 3613 611 3680 η
637 3581 801 3660 κάκιστ’.
815 3585 1071 3686 ἀπολούμενος

113 3748 117 3757 -
212 3702 351 3803 πικράν
375 3699 469 3798 τάχ’
491 3702 574 3802 ι’ίηιει
600 3702 1069 3808 στρεψοδικοπανουργίαν.
1093 3758 1096 3770 ·

109 3853 262 3954 Apparet
299 3878 342 3928 ex
374 3855 459 3949 his,
489 3855 525 3926 in
561 3852 815 3928 Andromachae
851 3881 969 3954 versu,
1009 3857 1039 3928 si
1071 3853 1216 3953 Θηβαία

110 3967 192 4044 πάλι
214 3973 350 4069 legitur,
377 3980 490 4071 aperte
513 3969 652 4043 Thehas
673 3957 849 4069 appellari,
873 3995 957 4069 qnae
980 3982 1087 4046 autom
1117 3997 1218 4070 prae-

78 4142 80 4146 .
110 4087 232 4162 cedunt
255 4091 374 4182 verha,
409 4087 599 4162 declarandi
626 4111 744 4160 caussa
768 4115 841 4161 esse
868 4089 1016 4180 adiecta3
1050 4091 1113 4161 sin
1128 4089 1220 4184 legi-

109 4210 164 4275 tur
196 4203 343 4300 Θηβαία
376 4201 497 4293 πόλις,
533 4205 719 4302 amhigunm
753 4230 845 4298 esse,
882 4213 989 4278 utrum
1014 4200 1218 4286 Ἀοιάτιάσς

108 4325 176 4420 γῆς
208 4327 333 4415 σχῆμα
366 4325 411 4396 sit
446 4325 634 4416 vocativus,
664 4347 708 4399 an
734 4330 768 4396 et
793 4323 857 4396 hoc
882 4331 916 4395 et
943 4319 1088 4419 Θηβαία
1114 4316 1217 4401 πόλις

110 4437 304 4511 nominativi
330 4441 419 4534 sint,
444 4441 629 4513 indicantes
655 4440 733 4539 quid
760 4442 950 4538 alloquatur
971 4438 1217 4512 Andromacho.

985 4551 1007 4596 s
