3006 4952
813 341 861 409 10

52 523 65 604 ᾗ
231 517 454 626 25ntea9elc³
476 515 662 613 Ἀχιλλέως
687 517 810 608 παιδί,
838 511 998 616 decaden
1022 519 1062 622 γ’
1089 523 1177 621 ἐμῷ.

277 642 341 717 καὶ
364 641 452 741 πρὶν
476 640 547 738 μὲν
567 643 608 718 ἒν
631 647 779 717 κακοῖσι
802 642 973 740 κειμένην
998 643 1100 740 ὅμως

283 765 381 850 ’ἐλπίς
405 766 449 865 μ’
476 767 532 841 ἀεὶ
557 775 713 870 apocope
735 767 923 850 σωθέντος
945 768 1078 844 τέκνου

279 887 395 986 ἀλκήν
418 891 493 966 τιν’
521 891 642 991 εὑρεῖν
666 888 935 989 κάπικούρησιν
961 899 1108 967 κακῶν·

275 1069 556 1083 ffl—

276 1179 340 1254 gius
368 1178 481 1255 scripsit
506 1171 608 1256 lipatec’¹
627 1174 679 1238 ἕνα
700 1177 785 1238 τίκτω
806 1172 901 1257 κόρον.
944 1178 985 1237 At
1007 1199 1062 1237 non
1083 1179 1191 1257 liquet,
1221 1178 1294 1234 sitne
1316 1176 1384 1234 illud

275 1259 328 1320 ἕνα
347 1259 453 1332 παῖδα,
483 1259 557 1337 quod
579 1261 687 1318 scholio
709 1261 899 1338 praepositum
921 1271 980 1334 est,
1005 1271 1123 1340 poetae,
1145 1281 1181 1319 an
1201 1259 1381 1330 scholiastae,

276 1361 328 1400 cur
356 1342 463 1415 accidet,
495 1363 550 1400 non
572 1343 683 1414 παῖδας
699 1341 803 1402 dixerit
822 1341 992 1422 Euripides,
1024 1342 1150 1401 indicare
1170 1342 1301 1401 volentis.
1345 1341 1384 1400 Et

276 1443 348 1503 quac
369 1423 480 1482 tandem
502 1445 602 1484 caussa
624 1426 744 1502 cogitari
766 1435 875 1504 potest,
908 1446 959 1484 cur
980 1424 1031 1487 ἕνα
1051 1427 1143 1487 παῖδα
1164 1423 1312 1483 dicendum
1333 1444 1383 1502 pu-

276 1507 377 1564 taverit
403 1518 502 1584 poeta,
534 1509 588 1565 nisi
615 1518 661 1579 ut,
694 1513 749 1604 qud
779 1508 825 1567 hic
848 1528 902 1567 non
926 1527 995 1587 opus
1017 1518 1094 1579 erat,
1125 1527 1156 1566 sc
1176 1505 1325 1564 dissentire
1347 1507 1382 1565 ab

275 1590 338 1647 aliis
361 1587 518 1649 indicaret?
560 1591 679 1664 Quin
657 1611 681 1648 ει
701 1591 741 1649 ita
762 1589 931 1669 scripsisset,
956 1591 1016 1669 ipse
1038 1551 1163 1660 fecisset,
1188 1600 1220 1647 ut
1239 1581 1382 1648 auditores

274 1681 422 1750 putarent,
455 1674 607 1730 masculam
635 1671 746 1751 quidem
776 1674 883 1752 prolem
912 1693 1012 1744 unam,
1044 1671 1094 1731 sed
1123 1682 1270 1750 praetcrea
1297 1672 1381 1730 ctiam

275 1754 360 1812 liliam
383 1765 432 1812 aut
450 1756 557 1832 aliquot
578 1755 649 1814 illias
674 1767 754 1814 natas
776 1775 838 1814 esse
853 1753 1082 1814 Andromachae.
1123 1755 1293 1814 Branchii'
1285 1773 1382 1812 rnven-

273 1849 332 1894 tum
360 1832 461 1934 priene,
491 1838 647 1916 Beckiique
669 1837 868 1897 Branchianae
894 1837 1082 1898 adnotationis
1113 1839 1253 1916 epitomen
1281 1836 1382 1895 leniter

271 1921 438 1998 perstrinxit
470 1919 641 1988 Schaelerns
673 1919 708 1978 ad
745 1921 850 1978 Poesin
880 1922 1037 1998 gnomicam
1072 1940 1101 1998 p.
1126 1921 1197 1980 108.
1257 1918 1380 1977 lustinus

271 2001 430 2061 xxxva.
455 2004 485 2073 1,
509 2002 540 2064 4.
571 2023 691 2082 namque
717 2005 841 2064 Laodice
869 2025 907 2062 eac
927 2023 1044 2062 numero
1065 2021 1117 2061 cecc
1127 2002 1183 2082 fil
1170 2021 1278 2073 coram,
1311 2021 1381 2079 qnos

271 2085 363 2143 cabades
383 2103 471 2144 secus
492 2105 530 2143 ccc
550 2088 713 2145 Ariarathe
734 2105 804 2163 rege
824 2097 1000 2164 susceperat.

353 2183 406 2244 25.
459 2181 547 2244 Taur
575 2183 670 2242 Guell.
702 2181 771 2242 Ald.
801 2185 865 2244 rell.
895 2181 1059 2247 πλασθεῑσ’.
1111 2183 1195 2243 Lasc.
1221 2194 1250 2242 et
1273 2184 1379 2241 caeteri

271 2262 354 2323 codd.
378 2260 528 2326 aladsio'.
570 2265 677 2323 Omnes
699 2268 783 2324 etiam
806 2266 871 2324 libri
892 2263 1061 2353 desordrpc'
1086 2265 1153 2352 ἐμῷ.
1183 2265 1319 2325 Elmsleio
1343 2265 1379 2324 ad

269 2345 350 2405 Med.
369 2347 441 2408 940
472 2342 618 2431 δεσπότῃ
625 2343 653 2408 d'
675 2346 741 2445 ,ἐμῷ
769 2348 855 2406 scribi
884 2349 991 2409 volenti
1020 2349 1093 2409 idem
1101 2291 1199 2428 μ(μιοι1
1226 2347 1378 2427 Lentingio

140 2473 143 2480 .
235 2439 239 2444 '
270 2427 433 2488 defendenti
462 2407 597 2487 librorum
626 2431 794 2509 scripturam
815 2430 936 2504 accidit,
968 2434 1049 2492 utin
1070 2433 1189 2508 logicam
1213 2442 1374 2508 peccarent.

229 2571 233 2576 ,
270 2509 346 2570 Nam
376 2531 467 2592 neque
487 2513 612 2571 Achillis
630 2513 698 2590 filio
721 2524 752 2573 et
769 2533 829 2572 roco
851 2515 920 2574 hero
942 2525 1020 2574 recte
1042 2513 1194 2584 diceretur,
1219 2512 1273 2570 nisi
1294 2531 1377 2590 prac-

270 2595 403 2654 cessisset
415 2597 610 2672 NcoptolemO,
629 2596 705 2673 quia,
726 2615 797 2674 quae
814 2598 1032 2694 coniunguntur,
1051 2596 1153 2654 similia
1169 2611 1232 2652 csse
1246 2605 1373 2672 oportet:

269 2677 377 2754 siquis
399 2687 492 2736 autem
513 2674 636 2736 Achillis
657 2677 731 2737 lilius
751 2699 803 2758 pro
824 2699 875 2738 suo
892 2681 979 2759 ipsins
995 2679 1106 2738 nomine
1126 2677 1294 2756 appellatur,
1319 2675 1376 2736 dis-

269 2759 373 2818 similia
393 2761 488 2838 inepte
510 2760 733 2837 coniunguntur,
756 2765 939 2841 Neoptolemo
960 2772 991 2821 et
1009 2781 1069 2820 meo
1090 2762 1182 2830 hec03
1206 2777 1297 2838 neque
1319 2757 1376 2822 dict

269 2843 360 2921 potuit
380 2843 503 2902 Achcllr‘s
514 2843 570 2920 fit·
557 2863 595 2912 ιο,
619 2863 679 2902 meo
701 2854 793 2904 actem
815 2847 896 2916 luero,
920 2845 974 2902 nisi
987 2844 1249 2920 utsignilicaretur,
1274 2842 1373 2914 fitium,

268 2945 324 2984 non
346 2935 474 3003 patrem,
505 2926 707 2998 nothonem,
738 2937 786 2985 ant
807 2928 891 2986 aliter
912 2938 1061 3006 cognatum
1083 2925 1191 2985 Achilli
1212 2940 1274 2983 esse
1294 2923 1376 2984 Neo·

267 3007 430 3094 ptolemum.
483 3005 515 3065 Si
545 3009 619 3066 enirn
648 3029 704 3067 non
732 3010 872 3106 cogitatur
893 3009 1016 3086 aliquid,
1049 3007 1123 3086 qnod
1145 3009 1303 3086 oppositum
1325 3009 1372 3077 sit,

212 3087 218 3099 ’
267 3109 379 3148 rursum
401 3089 535 3148 habemus
557 3092 677 3168 ineptam
701 3093 883 3160 sententiam,
910 3093 1137 3166 lleoptolemum,
1168 3108 1258 3148 meam
1280 3101 1375 3148 autem

267 3174 378 3230 lterum.
422 3171 514 3229 Recto
535 3191 604 3250 ergo
620 3174 780 3233 Brunchius
796 3168 969 3270 deamdcqp’
989 3170 1057 3255 ἐμῷ.
1097 3170 1269 3248 Pllugkium,
1289 3190 1373 3248 quum

266 3252 302 3311 L.
326 3251 505 3312 Dindorlrum
528 3267 661 3352 sequutus
683 3258 736 3315 boc
759 3257 930 3334 recepisset,
955 3256 984 3313 in
1006 3273 1127 3314 censura
1147 3251 1278 3313 editionis
1297 3252 1374 3312 Len-

265 3337 408 3433 tingianae
430 3337 583 3414 poenituit,
607 3341 785 3417 poeniturum
807 3339 924 3410 iterum,
949 3336 1024 3416 quod
1045 3336 1157 3395 transiit
1178 3337 1206 3393 in
1228 3335 1373 3414 Lentingii

264 3420 441 3477 sententiam.

347 3517 398 3576 27.
444 3515 524 3576 Libri
545 3526 678 3601 προςῆγε,
701 3520 774 3598 quod
797 3532 874 3578 recte
892 3521 933 3578 sic
951 3489 1150 3599 interpretatus
1168 3529 1211 3576 est
1226 3518 1372 3594 Reisigius

264 3601 292 3657 in
316 3619 416 3657 comrrr.
441 3601 505 3658 crit.
525 3602 560 3659 ad
577 3602 651 3660 Oed.
671 3601 734 3659 Col.
759 3623 788 3680 p.
805 3603 878 3664 242.
902 3623 966 3680 spes
987 3621 1030 3661 me
1049 3602 1173 3660 adducet
1193 3603 1233 3659 ad
1253 3601 1372 3658 creden·

263 3685 348 3754 dum,
379 3701 422 3740 me
441 3685 617 3760 pracsr'dmm
640 3687 827 3742 inventuram.
871 3684 1058 3744 Valckenarii
1080 3695 1109 3740 ct
1129 3682 1261 3740 Picrsoni
1281 3677 1372 3759 mooll-

262 3781 331 3842 6qve
360 3766 460 3823 merito
483 3766 660 3824 Graecumue
687 3767 724 3825 sit
745 3765 898 3826 dubitatur.
948 3765 1017 3826 Vid.
1042 3763 1211 3824 Boissonad.
1236 3764 1272 3822 ad
1300 3763 1371 3822 Phi-

262 3848 343 3905 loslt‘·
367 3845 440 3905 Her·
465 3868 493 3925 p.
512 3849 584 3910 436.
612 3867 672 3926 seq.
695 3861 725 3908 et
746 3870 817 3929 quac
833 3850 973 3909 Matthiae
997 3845 1083 3920 dixit,
1116 3859 1194 3906 recte
1216 3847 1264 3904 ille
1285 3848 1369 3904 etiam

261 3930 435 4009 propositum
458 3931 569 4009 saepius
591 3931 626 3989 ab
648 3931 784 3991 Elmsleio
805 3939 913 4051 τερμςῇε
934 3935 962 3990 in
985 3930 1187 3989 dubitationem
1202 3949 1318 3987 vocans.

342 4030 396 4090 28.
442 4027 521 4086 Flos.
541 4029 591 4090 10.
611 4031 662 4091 15.
691 4025 917 4110 xdntnovqolcatv
938 4024 1043 4126 δόμων.
1072 4029 1141 4098 Par.
1166 4026 1205 4085 D.
1230 4021 1370 4090 κάπικου-

260 4128 343 4189 ρησιν
373 4106 486 4188 δόμων,
523 4109 709 4189 adscripto
701 4133 729 4169 ιιι
762 4113 878 4172 alterius
907 4113 1033 4190 margine
1062 4134 1105 4193 γρ.
1136 4114 1241 4170 κακῶν.
1299 4108 1368 4167 Non

260 4211 330 4269 opus
351 4203 414 4250 erat
434 4203 465 4250 ut
486 4192 638 4251 Elmsleius
659 4190 870 4292 κᾶττικούρησιν
891 4205 1025 4252 mutatum
1046 4192 1156 4252 rellet
1148 4212 1176 4248 m
1193 4186 1370 4266 κάπικούφι-

260 4289 306 4332 σιν
335 4271 370 4329 ad
400 4273 627 4336 οε1.11.202.
681 4271 804 4354 Δάμων,
834 4276 908 4354 quod
934 4275 1047 4334 codices
1075 4276 1121 4332 isti
1143 4273 1262 4344 habent,
1294 4274 1369 4330 mala

260 4355 399 4412 correctio
421 4368 465 4414 est
485 4359 661 4434 grammatici
683 4359 856 4435 cuiuspiam,
889 4379 945 4418 non
967 4358 1117 4435 cogitantis
1138 4353 1367 4414 Andromacham

260 4433 335 4529 quod
364 4453 445 4492 serva
475 4441 512 4495 sit
538 4438 669 4496 afflictam
691 4459 769 4510 esse,
802 4441 870 4498 nihil
893 4451 985 4500 autem
1009 4457 1104 4496 curam
1127 4435 1225 4495 domus
1247 4436 1281 4494 ad
1303 4455 1366 4494 eam

259 4516 411 4593 pertinere.
