3006 4952
676 321 713 372 IX

136 507 219 582 quas
242 509 341 558 nemo
364 493 432 562 eos
445 486 483 558 in
508 491 617 559 mente
644 485 799 560 habuisse
825 487 996 582 erederet,
1015 490 1085 565 'sed
1108 497 1245 589 tragoe-

137 599 224 672 diam
256 601 286 673 si
318 603 465 676 scribere
490 604 634 694 vehent,
664 611 895 700 argumentum·
921 605 1246 705 circumspiciebant,

137 716 231 814 quod
248 726 369 792 metum
403 726 437 792 et
468 720 714 793 miserationem
750 721 900 794 excitare
921 732 1056 820 posset:
1086 726 1177 822 quali
1209 727 1246 798 in

138 844 330 930 argumento
357 834 511 931 eligendo
542 837 714 934 probabile
741 844 792 908 est
817 862 876 932 ecs
900 863 988 922 nunc
1012 839 1118 937 ipsius
1136 865 1247 938 ¹argu·

135 950 237 1022 menti
263 975 302 1022 ea
327 953 490 1048 gravitate
516 962 550 1025 et
583 951 827 1045 commoditate,
854 979 938 1050 quae
964 957 1136 1029 victoriam
1163 982 1245 1055 pro-

136 1052 294 1159 mitteret,
320 1093 409 1142 nuuc
434 1069 667 1160 aemulatione,
688 1078 725 1141 ut
748 1082 943 1167 superarent
961 1074 1046 1145 alios
1071 1074 1109 1146 in
1130 1073 1245 1148 eadem

134 1207 172 1254 re
194 1183 301 1255 miuus
318 1185 463 1259 feliciter
488 1195 649 1278 versatos,
676 1212 764 1260 nuuc
784 1195 967 1286 temporum
982 1191 1111 1264 ratione
1128 1189 1246 1265 ductos

135 1323 222 1392 esse,
248 1301 302 1373 cui
323 1302 413 1374 aliud
429 1327 509 1401 prae
532 1304 599 1376 alio
617 1312 810 1400 argumento
827 1306 1030 1378 conueniret.
1078 1307 1247 1398 Quocirca

135 1419 404 1493 Andromacham
432 1421 487 1492 vix
514 1420 658 1493 dubitari
678 1429 788 1518 potest
811 1423 889 1518 quin
916 1422 992 1494 odio
1016 1419 1245 1496 Lacedaemo-

135 1535 264 1608 niorum
296 1537 469 1634 scripserit
495 1535 697 1634 Euripides,
729 1539 823 1609 ouius
854 1521 904 1610 rei
940 1563 1040 1634 quum
1070 1539 1246 1636 apertissi·
1295 1633 1297 1638 λ

136 1677 209 1724 mae
233 1655 511 1750 vituperationes,
541 1664 608 1727 turn
630 1680 738 1728 mores
768 1663 869 1728 testes
895 1665 972 1728 sunt
988 1655 1191 1732 Hermionae
1210 1666 1245 1732 et

135 1767 299 1842 Menelai.

234 1902 416 1977 Videamus
444 1889 723 2005 nuue'quomodo
754 1906 899 1978 lahulam
926 1905 1161 2000 composuerit.
1202 1903 1244 1978 In

63 2103 70 2113 ¹
135 2020 275 2118 prologo
292 2021 527 2096 Andromacha
548 2049 659 2096 coram
678 2048 743 2094 una
758 2023 824 2094 fida
845 2020 969 2092 lamule
985 2019 1245 2094 crudelissimam

134 2146 257 2210 sortem
280 2163 374 2211 suam
400 2141 633 2236 conqueritur,
656 2138 742 2236 quod
768 2138 872 2212 nobili
900 2144 1138 2232 genebaude,
1169 2139 1245 2213 lie·

135 2257 238 2326 etoris
255 2255 417 2350 quondam
434 2258 570 2349 coniux,
586 2267 756 2355 postquam
775 2254 928 2327 maritum
943 2253 984 2324 ab
1000 2253 1136 2327 Achille
1153 2255 1243 2329 ccci-

134 2394 228 2462 sum,
261 2371 366 2442 lilium
398 2373 633 2470 Astyanactem
660 2374 700 2447 de
721 2375 807 2446 turri
834 2370 1085 2469 praecipitatum
1113 2372 1244 2466 uiderit,

135 2507 230 2560 serua
251 2496 285 2561 et
310 2492 496 2563 concubina
509 2489 723 2590 Neoptolemi
737 2491 839 2582 lacta,
858 2489 994 2585 filioque
1016 2510 1061 2560 ex
1077 2513 1117 2561 eo
1130 2491 1243 2585 genito

136 2604 178 2677 ad
203 2605 345 2702 aliquem
371 2609 483 2681 solatii
514 2634 604 2707 spem
632 2618 764 2701 erecta,
790 2609 832 2680 ab
851 2605 1047 2696 Hermiona,
1070 2628 1166 2702 quam
1184 2607 1244 2680 ille

134 2748 273 2796 uxorem
298 2723 451 2819 duxerit,
483 2726 642 2800 malarum
667 2726 808 2817 artium,
837 2724 955 2820 quibus
989 2746 1063 2795 eam
1096 2725 1244 2798 sterilem
1330 2783 1334 2790 ,

134 2841 256 2932 faeiat,
281 2841 510 2933 insimuletur,
537 2843 702 2938 mortique
728 2850 761 2915 et
787 2841 925 2938 abipsa
951 2847 985 2913 et
1012 2863 1033 2910 a
1058 2848 1152 2937 patre
1173 2843 1245 2916 eius

134 2958 313 3050 Menelao,
346 2957 402 3056 qui
428 2957 469 3028 ad
496 2957 528 3028 id
553 2955 680 3054 Sparte
703 2957 850 3048 uenerit,
881 2957 926 3028 sit
949 2955 1133 3047 destinata,
1168 2957 1245 3030 dum

134 3073 375 3172 Neoptolemus
390 3074 534 3172 Delphis
557 3082 657 3168 esset,
684 3081 829 3147 ueterem
853 3073 890 3144 in
914 3072 1010 3146 deum
1027 3073 1157 3170 culpam
1179 3099 1244 3147 ex·

136 3193 303 3291 piaturus:
335 3215 436 3288 quaro
469 3215 525 3283 se,
555 3192 626 3278 lilio
653 3193 720 3264 alia
753 3194 789 3264 in
823 3191 919 3264 domo
946 3190 1161 3283 abscondito,
1202 3191 1245 3264 ad

136 3307 294 3382 Thetidis
317 3308 475 3379 sacellum
501 3307 701 3402 confugisse.
752 3307 894 3378 Famula
926 3306 968 3377 ad
996 3307 1080 3380 baec
1100 3333 1245 3406 respon-

136 3425 212 3517 det,
252 3423 454 3520 uumperisse
483 3422 586 3496 uideri
613 3421 805 3496 Menelaum
835 3423 893 3494 uhi
921 3422 1043 3494 lateret
1073 3447 1173 3520 puer,
1202 3425 1245 3498 ad

136 3567 275 3640 eumque
310 3538 537 3614 adducendum
573 3541 692 3616 abisse.
755 3541 846 3613 lline
879 3563 964 3612 nouo
994 3539 1113 3614 timore
1145 3542 1246 3614 auxia

134 3667 241 3732 mater
265 3657 421 3730 famulam
455 3666 572 3754 rogat,
592 3667 630 3731 ut
651 3659 726 3757 ipsa
743 3657 849 3731 Peleo
871 3657 954 3731 haec
968 3659 1244 3754 nunciatumeat,

135 3777 177 3849 ad
208 3801 302 3872 quem
327 3776 386 3846 alii
414 3775 540 3847 lrustra
561 3775 654 3847 missi
683 3775 808 3848 fuerint
833 3777 959 3850 nuncii.
1018 3775 1114 3851 llaec
1136 3779 1246 3851 omnia

135 3894 259 3994 optime
289 3901 323 3966 et
352 3893 487 3965 iuuenta
516 3899 551 3965 et
581 3893 735 3990 exposita
759 3901 855 3986 sunt,
880 3895 1124 3993 prudenterque
1146 3895 1246 3968 etiam

136 4035 255 4104 uuum,
279 4035 399 4108 neque,
422 4019 459 4082 ut
479 4009 538 4081 alii
562 4010 762 4107 scriptores,
794 4017 863 4082 tres
894 4007 983 4083 filios
1014 4036 1088 4084 esse
1108 4009 1246 4084 Andro·-

135 4129 271 4202 machae
296 4128 387 4202 lecit.
444 4125 531 4199 Nam
564 4127 603 4200 ad
635 4124 888 4200 abstrabeudam
915 4151 959 4199 ex
977 4125 1055 4200 lano
1088 4125 1245 4203 Thetidis

134 4245 217 4320 satis
234 4255 305 4318 erat
325 4269 422 4338 uuus,
447 4269 553 4343 neque
573 4269 656 4343 opus
676 4243 839 4342 pluribus.

234 4384 397 4483 Sequitur
416 4385 553 4485 egregia
570 4387 705 4484 querela
725 4383 981 4462 Andromachae
1005 4385 1154 4460 uersibus
1174 4389 1247 4464 ele·
