3006 4952
674 321 723 374 XV

142 493 227 585 aios,
257 511 352 588 quem
371 488 540 564 miramur.
591 488 709 586 Itaque
726 489 754 562 si
768 486 873 562 Asiae
892 497 1118 564 ornamentum
1134 493 1252 589 appel-

142 613 191 683 lat
213 608 469 699 Andromacha,
506 615 597 680 reete
621 605 812 680 declarandi
841 629 960 679 caussa
984 605 1083 680 addet
1106 605 1252 702 Θηβαία
1287 701 1292 713 μ

142 723 263 825 πόλιας
277 726 342 802 sin
366 726 481 797 urbem
498 723 638 796 Thebas
660 723 853 820 alloquitur,
879 747 1016 820 eamque
1040 723 1122 797 dioit
1150 749 1252 797 orna·
1299 789 1301 794 .

141 833 285 936 ruentum
300 841 405 916 Asiae
431 865 517 932 esse,
544 840 633 914 dicet
654 837 804 936 ’Θηβαία
830 834 933 931 πόλι,
951 848 1001 912 nt
1028 845 1152 934 σχῆμα
1185 841 1250 912 iem

142 943 208 1033 non
235 944 422 1048 vocativus,
457 957 516 1030 red
542 956 762 1029 nominativus
792 957 846 1030 sit.
897 957 1098 1054 Apollonius
1120 956 1187 1030 Ill.
1211 956 1251 1030 de
1309 958 1312 964 ’

12 1135 21 1153 .
79 1083 84 1091 ’
141 1077 273 1174 syntaxi
299 1101 330 1148 o.
356 1074 393 1146 9.
417 1099 453 1172 p.
472 1073 560 1146 218.
586 1071 639 1165 etl.
666 1071 763 1169 sylo.
790 1082 823 1146 et
846 1073 1017 1165 Bekkeri,
1041 1097 1081 1146 ae
1103 1073 1144 1146 tle
1170 1099 1252 1171 pro-

141 1220 230 1267 nom.
263 1219 298 1291 p.
315 1190 403 1265 285.
428 1199 529 1292 negat
554 1191 691 1269 ἐκεῖνος
724 1189 846 1263 habere
874 1191 1078 1284 vocativum,
1107 1191 1251 1289 quiade

138 1307 277 1383 alusente
300 1309 443 1400 dicatur,
467 1308 591 1380 hahere
619 1315 727 1379 antem
753 1299 871 1392 οὗτος,
898 1309 976 1406 quia
999 1307 1039 1381 de
1062 1315 1251 1406 praesente.

140 1427 280 1524 Duplex
306 1425 340 1497 in
364 1425 416 1497 lis
441 1447 554 1498 error:
574 1449 650 1496 nam
670 1432 704 1496 et
729 1425 896 1499 absentem
920 1423 1045 1522 alloqui
1065 1428 1250 1523 possumus,
1385 1453 1390 1460 ·

80 1571 83 1578 ’
142 1553 248 1641 noque
282 1536 454 1632 ὥχοῦτος
486 1541 675 1632 vocativus,
709 1539 767 1616 sod
793 1541 1014 1614 nominativus
1039 1549 1109 1633 est,
1135 1541 1252 1614 deela-

141 1675 221 1732 ‘rans
254 1660 311 1757 qui
339 1659 385 1731 sit
408 1643 513 1756 ¹quem
544 1681 710 1730 vocemus.
768 1655 951 1732 Vocativus
976 1647 1028 1732 est
1053 1653 1157 1744 οὗτε,
1192 1658 1251 1732 seul

142 1779 185 1849 olr
217 1776 252 1848 io
287 1777 394 1873 ipsum
427 1775 624 1864 inusitatus,
664 1774 841 1871 quianon
874 1783 926 1848 est
956 1801 1076 1848 nomen
1106 1776 1250 1849 leminis

139 1905 238 1992 mem
266 1917 442 1984 vocemus,
467 1891 526 1966 seul
553 1892 700 1967 declarat
724 1891 812 1964 luno
838 1916 933 1983 esse,
964 1893 1021 1987 qni
1046 1892 1081 1962 in
1106 1915 1251 1989 eonspe-

141 2022 196 2085 etn
223 2020 287 2085 est.
334 2009 467 2104 Ἐαεῖνε
494 2035 571 2082 vero
589 2008 704 2107 quidni
731 2007 798 2079 diei
825 2009 942 2104 possit,
969 2008 999 2079 si
1017 2033 1079 2104 ppo
1102 2010 1249 2109 epitheto

142 2127 217 2202 est?
268 2129 317 2201 Ut
349 2130 379 2200 si
414 2128 486 2224 quis
521 2151 558 2200 se
594 2126 689 2196 illum
718 2122 894 2198 Socratem
918 2149 992 2199 esse
1017 2126 1138 2220 iactet,
1172 2127 1250 2226 qnid
1365 2217 1369 2224 Ι

110 2297 113 2303 .
140 2244 279 2340 impedit
305 2244 383 2340 quin
401 2267 474 2314 eom
491 2241 694 2339 appellemus
721 2239 833 2314 ἐκεῖνα
853 2236 1079 2340 Σώκρατεςῖ
1103 2243 1250 2320 Posses-

84 2385 92 2398 ·
141 2362 230 2452 siva,
263 2361 340 2457 quia
372 2360 519 2456 epitheto
550 2366 645 2450 sunt,
678 2357 800 2450 labent
836 2360 1037 2433 vocativum:
1078 2357 1249 2462 ὦπάτερ
1369 2397 1371 2401 ·

139 2475 290 2574 ἡμέτερε
314 2473 490 2594 Kpovivlp.
520 2473 620 2547 ,Non
636 2482 698 2554 est
723 2483 853 2568 tamen,
878 2485 915 2548 ut
939 2481 1053 2574 μῆτερ
1078 2473 1165 2573 ἐμή,
1199 2482 1250 2556 sio

140 2589 255 2690 πάτερ
283 2589 344 2689 ἐμὲ
371 2593 507 2685 dietum,
533 2608 627 2691 quern
655 2593 851 2685 vocativum,
878 2594 956 2692 quia
979 2593 1124 2668 eamdem
1152 2623 1247 2698 quarn

140 2711 316 2808 personale
340 2734 521 2807 pronomen
546 2709 683 2783 lemnam
707 2710 847 2803 habeat,
873 2711 1064 2785 inusitatum
1087 2740 1160 2790 esse
1186 2717 1249 2789 atl-
1355 2743 1356 2750 ¹

12 2921 13 2926 ἵ
140 2827 268 2900 notavit
299 2825 496 2898 Eustatluius
530 2851 565 2922 p.
598 2829 712 2919 1871,
744 2825 807 2900 24.
864 2827 986 2902 Paullo
1018 2832 1118 2904 aliter
1151 2817 1248 2930 quam

138 2943 340 3042 Apollonius
365 2937 632 3038 Etymologieum
658 2941 709 3017 Μ.
742 2968 776 3040 p.
798 2940 891 3034 643,
915 2945 976 3018 26.
991 2951 1038 3018 'ot
1059 2945 1248 3021 Gndiannm

66 3089 70 3105 ¹
140 3087 176 3159 p.
196 3058 283 3132 443.
319 3055 383 3130 καὶ
414 3055 438 3151 ἡ
470 3053 678 3150 zuoze-apol
714 3051 840 3144 οὗτος,
869 3057 1052 3143 Ἀττικῶς.
1112 3059 1249 3160 ὁμοίως

140 3172 205 3248 καὶ
239 3171 282 3248 τὸ
309 3174 462 3256 ἐκεῖνος.
493 3173 515 3266 ἡ
546 3171 587 3248 δὲ
614 3171 728 3257 αὐτὸς
752 3173 927 3270 mentuale
952 3177 1022 3252 οὐκ
1045 3179 1128 3272 ἔχει.
1180 3183 1248 3258 Hie
1363 3231 1366 3239 ·

139 3293 243 3388 igitar
264 3291 498 3384 grammaticos
523 3287 555 3362 ὦ
578 3292 713 3372 ἐκεῖνος
734 3294 916 3365 vocativum
938 3319 1011 3368 esse
1037 3297 1119 3371 vult.
1154 3299 1248 3374 Ao-

138 3404 204 3488 τὸς
226 3405 441 3502 Apollonius,
467 3415 503 3479 nt
526 3407 566 3480 de
588 3408 736 3508 absente,
762 3431 877 3484 carere
902 3412 1052 3484 vocativo
1073 3413 1248 3488 existima·

139 3525 199 3597 vit.
265 3521 371 3594 Immo
404 3523 482 3620 qnia
514 3521 626 3605 αὐτὸς
658 3521 754 3598 nemo
790 3533 860 3619 est,
898 3526 965 3599 nisi
995 3528 1121 3602 dixeris
1151 3558 1247 3631 qoem

139 3633 247 3740 ipsum
277 3636 422 3736 intelligi
450 3640 542 3748 velis.
592 3641 682 3713 Mili
710 3643 839 3740 quidem
864 3644 987 3744 ubique
1012 3647 1246 3744 nominativus,

48 3853 52 3858 ‚
140 3785 236 3860 quem
268 3782 329 3856 pro
363 3757 512 3828 vocativo
545 3758 686 3855 positum
720 3761 853 3852 volunt,
892 3787 957 3834 non
992 3766 1154 3858 vocantis,
1188 3769 1265 3840 sed'

140 3874 341 3950 declarantis
366 3897 440 3946 esse
461 3872 603 3967 videtur,
629 3883 665 3947 nt
687 3869 764 3961 δός,
791 3875 898 3973 φίλος
919 3904 962 3952 ex
986 3878 1246 3978 Odpss.XV11.

139 3990 228 4067 415.
254 3993 402 4070 allatum
418 3993 460 4062 ab
476 3991 660 4089 Apollonio
682 3993 722 4067 tle
745 3996 878 4090 syntaxi
899 3996 967 4071 111.
989 4001 1026 4070 7.
1048 4025 1084 4096 p.
1099 4001 1185 4074 213.
1213 4009 1247 4074 et

141 4109 182 4180 (le
217 4133 367 4206 pronum.
393 4134 427 4205 p.
453 4109 541 4184 286.
567 4110 711 4208 itemque
739 4106 769 4182 ὦ
791 4108 898 4210 φίλος
930 4114 1016 4213 apud
1042 4117 1246 4214 Aeschylum

139 4226 256 4298 Prom.
282 4225 367 4299 548.
391 4225 559 4323 aliosque,
593 4228 679 4326 quovl
703 4237 754 4301 est
780 4223 847 4314 σύ,
883 4227 902 4302 ὁ
930 4228 1036 4329 φίλος
1058 4230 1124 4306 aa.
1176 4233 1247 4307 Er-

139 4368 232 4416 rasse
256 4343 474 4450 ¹Apollonium
508 4345 669 4438 ostendit,
705 4346 791 4444 quod
827 4347 923 4421 allent
945 4343 1083 4431 Ἠέλιός
1107 4350 1166 4437 θ’,
1206 4351 1287 4450 ὃς,
