<?xml version="1.0" encoding="UTF-8"?>
<!DOCTYPE html PUBLIC "-//W3C//DTD XHTML 1.0 Transitional//EN"
    "http://www.w3.org/TR/xhtml1/DTD/xhtml1-transitional.dtd">
<html xmlns="http://www.w3.org/1999/xhtml" xml:lang="en" lang="en">
 <head>
  <title>
</title>
<meta http-equiv="Content-Type" content="text/html;charset=utf-8" />
  <meta name='ocr-system' content='tesseract 3.04.00' />
  <meta name='ocr-capabilities' content='ocr_page ocr_carea ocr_par ocr_line ocrx_word'/>
</head>
<body>
  <div class='ocr_page' id='page_1' title='image "./euripidistragoe08eurigoog_0037.png"; bbox 0 0 3006 4952; ppageno 0'>
   <div class='ocr_carea' id='block_1_1' title="bbox 821 314 868 386">
    <p class='ocr_par' dir='ltr' id='par_1_1' title="bbox 821 314 868 386">
     <span class='ocr_line' id='line_1_1' title="bbox 821 314 868 386; baseline -0.043 0"><span class='ocrx_word' id='word_1_1' title='bbox 821 314 868 386; x_wconf 79' lang='lat'><strong>12</strong></span> 
     </span>
    </p>
   </div>
   <div class='ocr_carea' id='block_1_2' title="bbox 238 491 1160 1090">
    <p class='ocr_par' dir='ltr' id='par_1_2' title="bbox 238 491 1160 1090">
     <span class='ocr_line' id='line_1_2' title="bbox 286 491 1098 594; baseline -0.002 -24"><span class='ocrx_word' id='word_1_2' title='bbox 286 500 446 594; x_wconf 78' lang='grc' dir='ltr'><em>Δελφῶν</em></span> <span class='ocrx_word' id='word_1_3' title='bbox 471 493 558 568; x_wconf 88' lang='grc' dir='ltr'><strong><em>κατ’</em></strong></span> <span class='ocrx_word' id='word_1_4' title='bbox 586 493 694 580; x_wconf 80' lang='grc' dir='ltr'><strong><em>αἶαν,</em></strong></span> <span class='ocrx_word' id='word_1_5' title='bbox 722 494 818 571; x_wconf 79' lang='grc' dir='ltr'><strong><em>ἔνθα</em></strong></span> <span class='ocrx_word' id='word_1_6' title='bbox 841 491 961 591; x_wconf 77' lang='grc' dir='ltr'><strong><em>Λοξίᾳ</em></strong></span> <span class='ocrx_word' id='word_1_7' title='bbox 988 491 1098 590; x_wconf 76' lang='grc' dir='ltr'><strong><em>δίκην</em></strong></span> 
     </span>
     <span class='ocr_line' id='line_1_3' title="bbox 286 616 1149 722; baseline -0.001 -28"><span class='ocrx_word' id='word_1_8' title='bbox 286 618 420 694; x_wconf 74' lang='grc' dir='ltr'><strong><em>δίδωσι</em></strong></span> <span class='ocrx_word' id='word_1_9' title='bbox 444 616 600 722; x_wconf 73' lang='grc' dir='ltr'><strong><em>μανίας,</em></strong></span> <span class='ocrx_word' id='word_1_10' title='bbox 628 616 668 704; x_wconf 79' lang='grc' dir='ltr'><strong>ὅς</strong></span> <span class='ocrx_word' id='word_1_11' title='bbox 692 617 778 696; x_wconf 84' lang='grc' dir='ltr'><strong><em>ποτ’</em></strong></span> <span class='ocrx_word' id='word_1_12' title='bbox 806 620 842 708; x_wconf 78' lang='grc' dir='ltr'><strong>ἐς</strong></span> <span class='ocrx_word' id='word_1_13' title='bbox 866 616 997 694; x_wconf 78' lang='grc' dir='ltr'><strong><em>Πυθώ</em></strong></span> <span class='ocrx_word' id='word_1_14' title='bbox 1020 617 1149 716; x_wconf 75' lang='grc' dir='ltr'><strong><em>μολὼν</em></strong></span> 
     </span>
     <span class='ocr_line' id='line_1_4' title="bbox 285 739 1124 840; baseline -0.002 -22"><span class='ocrx_word' id='word_1_15' title='bbox 285 745 396 840; x_wconf 83' lang='grc' dir='ltr'><strong><em>ᾔτησε</em></strong></span> <span class='ocrx_word' id='word_1_16' title='bbox 422 744 569 840; x_wconf 75' lang='grc' dir='ltr'><strong><em>Φοῖβον</em></strong></span> <span class='ocrx_word' id='word_1_17' title='bbox 593 739 733 840; x_wconf 82' lang='grc' dir='ltr'><strong><em>πατρὸς</em></strong></span> <span class='ocrx_word' id='word_1_18' title='bbox 758 739 803 824; x_wconf 85' lang='grc' dir='ltr'><strong>οὗ</strong></span> <span class='ocrx_word' id='word_1_19' title='bbox 826 740 978 820; x_wconf 83' lang='grc' dir='ltr'><strong><em>’κτίνειν</em></strong></span> <span class='ocrx_word' id='word_1_20' title='bbox 1002 740 1124 836; x_wconf 75' lang='grc' dir='ltr'><strong><em>δίκην,</em></strong></span> 
     </span>
     <span class='ocr_line' id='line_1_5' title="bbox 286 852 1160 965; baseline -0.003 -24"><span class='ocrx_word' id='word_1_21' title='bbox 286 871 320 941; x_wconf 79' lang='grc' dir='ltr'><strong><em>εἴ</em></strong></span> <span class='ocrx_word' id='word_1_22' title='bbox 342 895 420 951; x_wconf 86' lang='grc' dir='ltr'><strong><em>ποις</em></strong></span> <span class='ocrx_word' id='word_1_23' title='bbox 443 865 491 940; x_wconf 83' lang='grc' dir='ltr'><strong><em>τὰ</em></strong></span> <span class='ocrx_word' id='word_1_24' title='bbox 515 861 661 965; x_wconf 78' lang='grc' dir='ltr'><em>πρόσθε</em></span> <span class='ocrx_word' id='word_1_25' title='bbox 683 852 878 964; x_wconf 75' lang='grc' dir='ltr'><strong><em>σφάλματ’</em></strong></span> <span class='ocrx_word' id='word_1_26' title='bbox 903 867 1160 962; x_wconf 75' lang='grc' dir='ltr'><strong>ἐξαιτούμενος</strong></span> 
     </span>
     <span class='ocr_line' id='line_1_6' title="bbox 238 987 1082 1090; baseline 0 -26"><span class='ocrx_word' id='word_1_27' title='bbox 238 990 379 1067; x_wconf 60' lang='lat' dir='ltr'><strong>esech</strong></span> <span class='ocrx_word' id='word_1_28' title='bbox 397 987 626 1089; x_wconf 73' lang='grc' dir='ltr'><strong><em>,παράσχοιτ’</em></strong></span> <span class='ocrx_word' id='word_1_29' title='bbox 652 993 689 1073; x_wconf 78' lang='grc' dir='ltr'><strong>ἐς</strong></span> <span class='ocrx_word' id='word_1_30' title='bbox 713 989 756 1066; x_wconf 89' lang='grc' dir='ltr'><strong><em>τὸ</em></strong></span> <span class='ocrx_word' id='word_1_31' title='bbox 781 989 910 1068; x_wconf 78' lang='grc' dir='ltr'><strong><em>λοιπὸν</em></strong></span> <span class='ocrx_word' id='word_1_32' title='bbox 936 993 1082 1090; x_wconf 79' lang='grc' dir='ltr'><strong><em>εὐμενῆ.</em></strong></span> 
     </span>
    </p>
   </div>
   <div class='ocr_carea' id='block_1_3' title="bbox 656 1151 1026 1266">
    <p class='ocr_par' dir='ltr' id='par_1_3' title="bbox 656 1151 1026 1266">
     <span class='ocr_line' id='line_1_7' title="bbox 656 1151 1026 1266; baseline 0.011 -4"><span class='ocrx_word' id='word_1_33' title='bbox 656 1151 1026 1266; x_wconf 74' lang='grc' dir='ltr'><em>ΘΕΡΑΠΑΙΝΑ.</em></span> 
     </span>
    </p>
   </div>
   <div class='ocr_carea' id='block_1_4' title="bbox 188 1341 1258 1446">
    <p class='ocr_par' dir='ltr' id='par_1_4' title="bbox 188 1341 1258 1446">
     <span class='ocr_line' id='line_1_8' title="bbox 188 1341 1258 1446; baseline -0.003 -27"><span class='ocrx_word' id='word_1_34' title='bbox 188 1417 211 1444; x_wconf 32' lang='grc' dir='ltr'><strong><em>μ</em></strong></span> <span class='ocrx_word' id='word_1_35' title='bbox 284 1344 462 1431; x_wconf 78' lang='grc' dir='ltr'><strong><em>δέσποιν’,</em></strong></span> <span class='ocrx_word' id='word_1_36' title='bbox 489 1341 561 1444; x_wconf 74' lang='grc' dir='ltr'><strong><em>ίμοό</em></strong></span> <span class='ocrx_word' id='word_1_37' title='bbox 586 1370 643 1417; x_wconf 90' lang='grc' dir='ltr'><strong>τοι</strong></span> <span class='ocrx_word' id='word_1_38' title='bbox 669 1345 824 1441; x_wconf 82' lang='grc' dir='ltr'><strong><em>τοῦνομ’</em></strong></span> <span class='ocrx_word' id='word_1_39' title='bbox 851 1345 897 1418; x_wconf 82' lang='grc' dir='ltr'><strong>οὐ</strong></span> <span class='ocrx_word' id='word_1_40' title='bbox 921 1341 1049 1446; x_wconf 80' lang='grc' dir='ltr'><em>φεύγω</em></span> <span class='ocrx_word' id='word_1_41' title='bbox 1074 1341 1160 1418; x_wconf 81' lang='grc' dir='ltr'><strong><em>τόόε</em></strong></span> <span class='ocrx_word' id='word_1_42' title='bbox 1256 1395 1258 1398; x_wconf 94' lang='grc'>-</span> 
     </span>
    </p>
   </div>
   <div class='ocr_carea' id='block_1_5' title="bbox 282 1535 559 1550">
    <p class='ocr_par' dir='ltr' id='par_1_5' title="bbox 282 1535 559 1550">
     <span class='ocr_line' id='line_1_9' title="bbox 282 1535 559 1550; baseline 0 -2"><span class='ocrx_word' id='word_1_43' title='bbox 282 1535 559 1550; x_wconf 56' lang='grc' dir='ltr'><strong>-ι--μω</strong></span> 
     </span>
    </p>
   </div>
   <div class='ocr_carea' id='block_1_6' title="bbox 178 1640 1395 3774">
    <p class='ocr_par' dir='ltr' id='par_1_6' title="bbox 282 1640 1394 2304">
     <span class='ocr_line' id='line_1_10' title="bbox 371 1640 1390 1723; baseline -0.008 -17"><span class='ocrx_word' id='word_1_44' title='bbox 371 1643 424 1706; x_wconf 84' lang='grc'><strong>52.</strong></span> <span class='ocrx_word' id='word_1_45' title='bbox 468 1641 537 1702; x_wconf 85' lang='lat' dir='ltr'><strong>Ahl.</strong></span> <span class='ocrx_word' id='word_1_46' title='bbox 562 1646 727 1723; x_wconf 74' lang='lat' dir='ltr'><strong>etaliquot</strong></span> <span class='ocrx_word' id='word_1_47' title='bbox 756 1644 839 1706; x_wconf 81' lang='lat' dir='ltr'><strong>codd.</strong></span> <span class='ocrx_word' id='word_1_48' title='bbox 870 1640 909 1723; x_wconf 76' lang='grc' dir='ltr'><strong><em>ἢν</em></strong></span> <span class='ocrx_word' id='word_1_49' title='bbox 937 1640 1007 1706; x_wconf 90' lang='grc' dir='ltr'><strong><em>τότ’.</em></strong></span> <span class='ocrx_word' id='word_1_50' title='bbox 1057 1643 1119 1706; x_wconf 83' lang='grc' dir='ltr'><strong>ΑΙίἰ</strong></span> <span class='ocrx_word' id='word_1_51' title='bbox 1146 1640 1229 1707; x_wconf 75' lang='lat' dir='ltr'><strong>codd.</strong></span> <span class='ocrx_word' id='word_1_52' title='bbox 1251 1652 1280 1700; x_wconf 86' lang='lat' dir='ltr'><strong>et</strong></span> <span class='ocrx_word' id='word_1_53' title='bbox 1306 1641 1390 1700; x_wconf 90' lang='lat' dir='ltr'><strong>Lasc.</strong></span> 
     </span>
     <span class='ocr_line' id='line_1_11' title="bbox 282 1715 1392 1810; baseline -0.003 -24"><span class='ocrx_word' id='word_1_54' title='bbox 282 1723 321 1804; x_wconf 70' lang='grc' dir='ltr'><strong><em>ἦν</em></strong></span> <span class='ocrx_word' id='word_1_55' title='bbox 336 1721 412 1787; x_wconf 89' lang='grc' dir='ltr'><strong><em>ποτ’.</em></strong></span> <span class='ocrx_word' id='word_1_56' title='bbox 443 1724 556 1785; x_wconf 81' lang='lat' dir='ltr'><strong>Deinde</strong></span> <span class='ocrx_word' id='word_1_57' title='bbox 573 1726 642 1785; x_wconf 84' lang='lat' dir='ltr'><strong>Par.</strong></span> <span class='ocrx_word' id='word_1_58' title='bbox 660 1727 699 1785; x_wconf 86' lang='lat' dir='ltr'><strong>A.</strong></span> <span class='ocrx_word' id='word_1_59' title='bbox 718 1727 815 1792; x_wconf 84' lang='lat' dir='ltr'><strong>Gueif.</strong></span> <span class='ocrx_word' id='word_1_60' title='bbox 834 1728 915 1787; x_wconf 84' lang='lat' dir='ltr'><strong>Vict.</strong></span> <span class='ocrx_word' id='word_1_61' title='bbox 933 1726 1003 1786; x_wconf 86' lang='lat' dir='ltr'><strong>Aid.</strong></span> <span class='ocrx_word' id='word_1_62' title='bbox 1020 1722 1139 1810; x_wconf 82' lang='grc' dir='ltr'><strong><em>πατρὸς,</em></strong></span> <span class='ocrx_word' id='word_1_63' title='bbox 1162 1715 1198 1787; x_wconf 85' lang='grc' dir='ltr'><strong>οὗ</strong></span> <span class='ocrx_word' id='word_1_64' title='bbox 1215 1725 1284 1785; x_wconf 84' lang='grc' dir='ltr'><strong><em>τίνει</em></strong></span> <span class='ocrx_word' id='word_1_65' title='bbox 1299 1723 1392 1802; x_wconf 77' lang='grc' dir='ltr'><strong><em>δίκην.</em></strong></span> 
     </span>
     <span class='ocr_line' id='line_1_12' title="bbox 282 1800 1393 1889; baseline -0.004 -23"><span class='ocrx_word' id='word_1_66' title='bbox 282 1809 399 1886; x_wconf 83' lang='lat' dir='ltr'><strong>Fragm.</strong></span> <span class='ocrx_word' id='word_1_67' title='bbox 428 1806 563 1867; x_wconf 88' lang='lat' dir='ltr'><strong>Ambros.</strong></span> <span class='ocrx_word' id='word_1_68' title='bbox 587 1807 672 1867; x_wconf 87' lang='lat' dir='ltr'><strong>Lasc.</strong></span> <span class='ocrx_word' id='word_1_69' title='bbox 701 1805 810 1889; x_wconf 84' lang='grc' dir='ltr'><strong><em>πατρὸς</em></strong></span> <span class='ocrx_word' id='word_1_70' title='bbox 836 1800 873 1871; x_wconf 81' lang='grc' dir='ltr'><strong>οὗ</strong></span> <span class='ocrx_word' id='word_1_71' title='bbox 893 1811 1012 1884; x_wconf 84' lang='grc' dir='ltr'><strong><em>κτείνει,</em></strong></span> <span class='ocrx_word' id='word_1_72' title='bbox 1042 1810 1134 1888; x_wconf 78' lang='grc' dir='ltr'><strong><em>δίκην.</em></strong></span> <span class='ocrx_word' id='word_1_73' title='bbox 1184 1807 1280 1885; x_wconf 82' lang='lat' dir='ltr'><strong>Atque</strong></span> <span class='ocrx_word' id='word_1_74' title='bbox 1309 1806 1393 1864; x_wconf 84' lang='lat' dir='ltr'><strong>etiarn</strong></span> 
     </span>
     <span class='ocr_line' id='line_1_13' title="bbox 282 1879 1392 1958; baseline 0 -10"><span class='ocrx_word' id='word_1_75' title='bbox 282 1889 351 1950; x_wconf 90' lang='lat' dir='ltr'><strong>Par.</strong></span> <span class='ocrx_word' id='word_1_76' title='bbox 376 1891 412 1949; x_wconf 87' lang='lat' dir='ltr'><strong>B.</strong></span> <span class='ocrx_word' id='word_1_77' title='bbox 436 1889 473 1949; x_wconf 87' lang='grc' dir='ltr'><strong>Ε.</strong></span> <span class='ocrx_word' id='word_1_78' title='bbox 506 1892 586 1954; x_wconf 76' lang='lat' dir='ltr'><strong>Flos.</strong></span> <span class='ocrx_word' id='word_1_79' title='bbox 604 1893 636 1953; x_wconf 79' lang='lat'><strong>2.</strong></span> <span class='ocrx_word' id='word_1_80' title='bbox 661 1891 755 1953; x_wconf 81' lang='lat' dir='ltr'><strong>Havn.</strong></span> <span class='ocrx_word' id='word_1_81' title='bbox 788 1881 825 1954; x_wconf 83' lang='grc' dir='ltr'><strong>οὗ</strong></span> <span class='ocrx_word' id='word_1_82' title='bbox 851 1891 963 1956; x_wconf 81' lang='grc' dir='ltr'><strong><em>κτείνει.</em></strong></span> <span class='ocrx_word' id='word_1_83' title='bbox 1007 1892 1087 1954; x_wconf 81' lang='lat' dir='ltr'><strong>Flor.</strong></span> <span class='ocrx_word' id='word_1_84' title='bbox 1111 1894 1151 1950; x_wconf 90' lang='lat' dir='ltr'><strong>A.</strong></span> <span class='ocrx_word' id='word_1_85' title='bbox 1168 1891 1219 1958; x_wconf 82' lang='lat'><strong>10.</strong></span> <span class='ocrx_word' id='word_1_86' title='bbox 1243 1879 1281 1953; x_wconf 77' lang='grc' dir='ltr'><strong>οὗ</strong></span> <span class='ocrx_word' id='word_1_87' title='bbox 1300 1887 1392 1956; x_wconf 81' lang='grc' dir='ltr'><strong><em>τείνει.</em></strong></span> 
     </span>
     <span class='ocr_line' id='line_1_14' title="bbox 282 1963 1393 2052; baseline -0.005 -20"><span class='ocrx_word' id='word_1_88' title='bbox 282 1973 363 2032; x_wconf 75' lang='lat' dir='ltr'><strong>Flos.</strong></span> <span class='ocrx_word' id='word_1_89' title='bbox 388 1974 439 2036; x_wconf 83' lang='lat'><strong>15.</strong></span> <span class='ocrx_word' id='word_1_90' title='bbox 463 1963 500 2036; x_wconf 78' lang='grc' dir='ltr'><strong>οὗ</strong></span> <span class='ocrx_word' id='word_1_91' title='bbox 518 1970 626 2035; x_wconf 74' lang='grc' dir='ltr'><strong><em>’κτίνει</em></strong></span> <span class='ocrx_word' id='word_1_92' title='bbox 648 1972 707 2032; x_wconf 84' lang='grc' dir='ltr'><strong><em>Ρτο</em></strong></span> <span class='ocrx_word' id='word_1_93' title='bbox 728 1970 766 2052; x_wconf 76' lang='grc' dir='ltr'><strong><em>ἣν</em></strong></span> <span class='ocrx_word' id='word_1_94' title='bbox 787 1975 922 2033; x_wconf 83' lang='lat' dir='ltr'><strong>Reiskius</strong></span> <span class='ocrx_word' id='word_1_95' title='bbox 942 1986 973 2032; x_wconf 89' lang='lat' dir='ltr'><strong>et</strong></span> <span class='ocrx_word' id='word_1_96' title='bbox 993 1974 1176 2052; x_wconf 84' lang='lat' dir='ltr'><strong>Musgrevius</strong></span> <span class='ocrx_word' id='word_1_97' title='bbox 1198 1971 1283 2030; x_wconf 88' lang='lat' dir='ltr'><strong>serihi</strong></span> <span class='ocrx_word' id='word_1_98' title='bbox 1304 1971 1393 2032; x_wconf 77' lang='lat' dir='ltr'><strong>insse.</strong></span> 
     </span>
     <span class='ocr_line' id='line_1_15' title="bbox 283 2045 1393 2139; baseline 0 -27"><span class='ocrx_word' id='word_1_99' title='bbox 283 2066 350 2113; x_wconf 88' lang='lat' dir='ltr'><strong>runt</strong></span> <span class='ocrx_word' id='word_1_100' title='bbox 369 2045 390 2139; x_wconf 74' lang='grc' dir='ltr'><strong><em>ᾗ</em></strong></span> <span class='ocrx_word' id='word_1_101' title='bbox 411 2058 573 2135; x_wconf 80' lang='lat' dir='ltr'>recepitque</span> <span class='ocrx_word' id='word_1_102' title='bbox 595 2057 767 2128; x_wconf 64' lang='lat' dir='ltr'><strong>Branchus,</strong></span> <span class='ocrx_word' id='word_1_103' title='bbox 792 2055 867 2136; x_wconf 90' lang='lat' dir='ltr'><strong>quod</strong></span> <span class='ocrx_word' id='word_1_104' title='bbox 889 2057 989 2114; x_wconf 85' lang='lat' dir='ltr'><strong>mirum</strong></span> <span class='ocrx_word' id='word_1_105' title='bbox 1014 2068 1057 2115; x_wconf 88' lang='lat' dir='ltr'><strong>est</strong></span> <span class='ocrx_word' id='word_1_106' title='bbox 1079 2059 1127 2136; x_wconf 90' lang='lat' dir='ltr'><strong>qui</strong></span> <span class='ocrx_word' id='word_1_107' title='bbox 1142 2055 1281 2114; x_wconf 78' lang='lat' dir='ltr'><strong>Matthiae</strong></span> <span class='ocrx_word' id='word_1_108' title='bbox 1298 2051 1393 2112; x_wconf 80' lang='lat' dir='ltr'><strong>dicere</strong></span> 
     </span>
     <span class='ocr_line' id='line_1_16' title="bbox 283 2135 1394 2217; baseline 0.002 -21"><span class='ocrx_word' id='word_1_109' title='bbox 283 2140 407 2217; x_wconf 86' lang='lat' dir='ltr'><strong>potuerit</strong></span> <span class='ocrx_word' id='word_1_110' title='bbox 427 2157 458 2196; x_wconf 87' lang='lat' dir='ltr'><strong>se</strong></span> <span class='ocrx_word' id='word_1_111' title='bbox 480 2159 536 2196; x_wconf 85' lang='lat' dir='ltr'><strong>non</strong></span> <span class='ocrx_word' id='word_1_112' title='bbox 557 2137 654 2198; x_wconf 86' lang='lat' dir='ltr'><strong>videre</strong></span> <span class='ocrx_word' id='word_1_113' title='bbox 675 2138 815 2216; x_wconf 82' lang='lat' dir='ltr'><strong>quomodo</strong></span> <span class='ocrx_word' id='word_1_114' title='bbox 837 2140 930 2202; x_wconf 82' lang='lat' dir='ltr'><strong>locum</strong></span> <span class='ocrx_word' id='word_1_115' title='bbox 953 2140 1057 2202; x_wconf 83' lang='lat' dir='ltr'><strong>habere</strong></span> <span class='ocrx_word' id='word_1_116' title='bbox 1080 2141 1177 2217; x_wconf 78' lang='lat' dir='ltr'><strong>possit.</strong></span> <span class='ocrx_word' id='word_1_117' title='bbox 1221 2137 1285 2214; x_wconf 80' lang='lat' dir='ltr'><strong>ipse</strong></span> <span class='ocrx_word' id='word_1_118' title='bbox 1306 2135 1394 2211; x_wconf 70' lang='lat' dir='ltr'><strong>igitur</strong></span> 
     </span>
     <span class='ocr_line' id='line_1_17' title="bbox 283 2212 1392 2304; baseline 0.005 -26"><span class='ocrx_word' id='word_1_119' title='bbox 283 2221 324 2278; x_wconf 90' lang='lat' dir='ltr'><strong>sic</strong></span> <span class='ocrx_word' id='word_1_120' title='bbox 351 2220 481 2297; x_wconf 82' lang='lat' dir='ltr'><strong>scripsit:</strong></span> <span class='ocrx_word' id='word_1_121' title='bbox 511 2219 587 2281; x_wconf 72' lang='grc' dir='ltr'><strong><em>ἔνθα</em></strong></span> <span class='ocrx_word' id='word_1_122' title='bbox 607 2221 704 2304; x_wconf 78' lang='grc' dir='ltr'><strong><em>Λοξίᾳ</em></strong></span> <span class='ocrx_word' id='word_1_123' title='bbox 725 2222 809 2300; x_wconf 79' lang='grc' dir='ltr'><strong><em>δίκην</em></strong></span> <span class='ocrx_word' id='word_1_124' title='bbox 830 2222 931 2283; x_wconf 77' lang='grc' dir='ltr'><strong><em>δίδωσι</em></strong></span> <span class='ocrx_word' id='word_1_125' title='bbox 952 2223 1073 2300; x_wconf 82' lang='grc' dir='ltr'><strong><em>μανίας,</em></strong></span> <span class='ocrx_word' id='word_1_126' title='bbox 1093 2219 1132 2300; x_wconf 76' lang='grc' dir='ltr'><strong><em>ἥν</em></strong></span> <span class='ocrx_word' id='word_1_127' title='bbox 1152 2213 1216 2284; x_wconf 84' lang='grc' dir='ltr'><strong><em>ποτ’</em></strong></span> <span class='ocrx_word' id='word_1_128' title='bbox 1241 2217 1271 2290; x_wconf 78' lang='grc' dir='ltr'><strong>ἒς</strong></span> <span class='ocrx_word' id='word_1_129' title='bbox 1293 2212 1392 2286; x_wconf 57' lang='lat' dir='ltr'><strong>livet)</strong></span> 
     </span>
    </p>

    <p class='ocr_par' dir='ltr' id='par_1_7' title="bbox 178 2293 1395 3774">
     <span class='ocr_line' id='line_1_18' title="bbox 178 2293 1394 2385; baseline -0.003 -22"><span class='ocrx_word' id='word_1_130' title='bbox 178 2317 181 2324; x_wconf 90' lang='grc'><strong><em>’</em></strong></span> <span class='ocrx_word' id='word_1_131' title='bbox 282 2297 379 2380; x_wconf 78' lang='grc' dir='ltr'><strong><em>μολόν</em></strong></span> <span class='ocrx_word' id='word_1_132' title='bbox 405 2299 493 2385; x_wconf 72' lang='grc' dir='ltr'><strong><em>ᾔτησε</em></strong></span> <span class='ocrx_word' id='word_1_133' title='bbox 524 2301 636 2380; x_wconf 85' lang='grc' dir='ltr'><strong><em>Φοῖβον</em></strong></span> <span class='ocrx_word' id='word_1_134' title='bbox 660 2297 785 2383; x_wconf 86' lang='grc' dir='ltr'><strong><em>πατρός·</em></strong></span> <span class='ocrx_word' id='word_1_135' title='bbox 814 2293 851 2363; x_wconf 79' lang='grc' dir='ltr'><strong>οὗ</strong></span> <span class='ocrx_word' id='word_1_136' title='bbox 867 2299 969 2365; x_wconf 78' lang='grc' dir='ltr'><strong><em>’καίνει</em></strong></span> <span class='ocrx_word' id='word_1_137' title='bbox 990 2305 1090 2383; x_wconf 80' lang='grc' dir='ltr'><strong><em>δίκην,</em></strong></span> <span class='ocrx_word' id='word_1_138' title='bbox 1118 2303 1206 2374; x_wconf 84' lang='grc' dir='ltr'><strong><em>είττως</em></strong></span> <span class='ocrx_word' id='word_1_139' title='bbox 1225 2297 1261 2362; x_wconf 76' lang='grc' dir='ltr'><strong><em>τὰ</em></strong></span> <span class='ocrx_word' id='word_1_140' title='bbox 1281 2295 1394 2381; x_wconf 84' lang='grc' dir='ltr'><strong><em>πρόσθε</em></strong></span> 
     </span>
     <span class='ocr_line' id='line_1_19' title="bbox 282 2379 1395 2466; baseline 0.008 -22"><span class='ocrx_word' id='word_1_141' title='bbox 282 2379 427 2463; x_wconf 79' lang='grc' dir='ltr'><strong><em>σφάλματ’</em></strong></span> <span class='ocrx_word' id='word_1_142' title='bbox 452 2379 650 2462; x_wconf 75' lang='grc' dir='ltr'><strong><em>ἐξαιτούμενος</em></strong></span> <span class='ocrx_word' id='word_1_143' title='bbox 669 2381 746 2448; x_wconf 74' lang='grc' dir='ltr'><strong><em>θεὸν</em></strong></span> <span class='ocrx_word' id='word_1_144' title='bbox 765 2380 931 2466; x_wconf 76' lang='grc' dir='ltr'><strong><em>παράσχοιτ’</em></strong></span> <span class='ocrx_word' id='word_1_145' title='bbox 956 2385 986 2459; x_wconf 78' lang='grc' dir='ltr'><strong>ἒς</strong></span> <span class='ocrx_word' id='word_1_146' title='bbox 1006 2383 1039 2452; x_wconf 82' lang='grc' dir='ltr'><strong><em>τὸ</em></strong></span> <span class='ocrx_word' id='word_1_147' title='bbox 1060 2382 1163 2454; x_wconf 69' lang='grc' dir='ltr'><strong><em>λοιπὸν</em></strong></span> <span class='ocrx_word' id='word_1_148' title='bbox 1185 2380 1298 2460; x_wconf 75' lang='grc' dir='ltr'><strong><em>εὐμενῆ.</em></strong></span> <span class='ocrx_word' id='word_1_149' title='bbox 1333 2383 1395 2453; x_wconf 68' lang='grc' dir='ltr'><strong>Ηθτ</strong></span> 
     </span>
     <span class='ocr_line' id='line_1_20' title="bbox 283 2460 1393 2546; baseline -0.005 -20"><span class='ocrx_word' id='word_1_150' title='bbox 283 2486 346 2526; x_wconf 85' lang='lat' dir='ltr'><strong>rum</strong></span> <span class='ocrx_word' id='word_1_151' title='bbox 366 2468 462 2546; x_wconf 85' lang='lat' dir='ltr'><strong>priora</strong></span> <span class='ocrx_word' id='word_1_152' title='bbox 484 2487 540 2524; x_wconf 89' lang='lat' dir='ltr'><strong>non</strong></span> <span class='ocrx_word' id='word_1_153' title='bbox 562 2465 708 2545; x_wconf 80' lang='lat' dir='ltr'><strong>intelligo,</strong></span> <span class='ocrx_word' id='word_1_154' title='bbox 739 2467 809 2526; x_wconf 85' lang='lat' dir='ltr'><strong>illud</strong></span> <span class='ocrx_word' id='word_1_155' title='bbox 830 2479 942 2541; x_wconf 88' lang='lat' dir='ltr'><strong>autem,</strong></span> <span class='ocrx_word' id='word_1_156' title='bbox 966 2460 1003 2530; x_wconf 83' lang='grc' dir='ltr'><strong>οὗ</strong></span> <span class='ocrx_word' id='word_1_157' title='bbox 1020 2465 1120 2531; x_wconf 86' lang='grc' dir='ltr'><strong><em>’κτίνει</em></strong></span> <span class='ocrx_word' id='word_1_158' title='bbox 1141 2467 1210 2525; x_wconf 84' lang='lat' dir='ltr'><strong>nihil</strong></span> <span class='ocrx_word' id='word_1_159' title='bbox 1232 2462 1309 2528; x_wconf 81' lang='lat' dir='ltr'><strong>aliud</strong></span> <span class='ocrx_word' id='word_1_160' title='bbox 1330 2483 1393 2530; x_wconf 81' lang='lat' dir='ltr'><strong>esse</strong></span> 
     </span>
     <span class='ocr_line' id='line_1_21' title="bbox 282 2545 1391 2629; baseline -0.002 -21"><span class='ocrx_word' id='word_1_161' title='bbox 282 2548 385 2622; x_wconf 85' lang='lat' dir='ltr'><strong>video,</strong></span> <span class='ocrx_word' id='word_1_162' title='bbox 417 2568 501 2627; x_wconf 87' lang='lat' dir='ltr'><strong>quam</strong></span> <span class='ocrx_word' id='word_1_163' title='bbox 530 2548 605 2628; x_wconf 83' lang='lat' dir='ltr'><strong>quod</strong></span> <span class='ocrx_word' id='word_1_164' title='bbox 634 2551 689 2609; x_wconf 84' lang='lat' dir='ltr'><strong>iam</strong></span> <span class='ocrx_word' id='word_1_165' title='bbox 718 2547 823 2610; x_wconf 88' lang='lat' dir='ltr'><strong>dictum</strong></span> <span class='ocrx_word' id='word_1_166' title='bbox 853 2562 916 2610; x_wconf 90' lang='lat' dir='ltr'><strong>erat</strong></span> <span class='ocrx_word' id='word_1_167' title='bbox 944 2552 1004 2624; x_wconf 88' lang='lat' dir='ltr'><strong>his,</strong></span> <span class='ocrx_word' id='word_1_168' title='bbox 1036 2551 1122 2629; x_wconf 78' lang='grc' dir='ltr'><strong><em>δίκην</em></strong></span> <span class='ocrx_word' id='word_1_169' title='bbox 1150 2547 1251 2609; x_wconf 74' lang='grc' dir='ltr'><strong><em>δίδωσι</em></strong></span> <span class='ocrx_word' id='word_1_170' title='bbox 1279 2545 1391 2624; x_wconf 89' lang='grc' dir='ltr'><strong><em>μανίας.</em></strong></span> 
     </span>
     <span class='ocr_line' id='line_1_22' title="bbox 282 2618 1394 2710; baseline -0.004 -20"><span class='ocrx_word' id='word_1_171' title='bbox 282 2631 411 2710; x_wconf 89' lang='lat' dir='ltr'><strong>Recepta</strong></span> <span class='ocrx_word' id='word_1_172' title='bbox 432 2642 526 2690; x_wconf 89' lang='lat' dir='ltr'><strong>tamen</strong></span> <span class='ocrx_word' id='word_1_173' title='bbox 548 2643 613 2694; x_wconf 85' lang='lat' dir='ltr'><strong>sunt</strong></span> <span class='ocrx_word' id='word_1_174' title='bbox 633 2633 689 2695; x_wconf 88' lang='lat' dir='ltr'><strong>ista</strong></span> <span class='ocrx_word' id='word_1_175' title='bbox 709 2633 745 2691; x_wconf 84' lang='lat' dir='ltr'><strong>ab</strong></span> <span class='ocrx_word' id='word_1_176' title='bbox 766 2632 924 2696; x_wconf 82' lang='lat' dir='ltr'><strong>Dindorhis</strong></span> <span class='ocrx_word' id='word_1_177' title='bbox 946 2645 975 2692; x_wconf 91' lang='lat' dir='ltr'><strong>et</strong></span> <span class='ocrx_word' id='word_1_178' title='bbox 994 2653 1012 2692; x_wconf 88' lang='lat' dir='ltr'><strong>a</strong></span> <span class='ocrx_word' id='word_1_179' title='bbox 1028 2633 1149 2703; x_wconf 80' lang='grc' dir='ltr'><strong><em>Βοιίιίο,</em></strong></span> <span class='ocrx_word' id='word_1_180' title='bbox 1174 2631 1222 2708; x_wconf 82' lang='lat' dir='ltr'><strong>qui</strong></span> <span class='ocrx_word' id='word_1_181' title='bbox 1243 2618 1295 2703; x_wconf 77' lang='grc' dir='ltr'><strong>οὗ,</strong></span> <span class='ocrx_word' id='word_1_182' title='bbox 1317 2627 1394 2707; x_wconf 81' lang='lat' dir='ltr'><strong>quod</strong></span> 
     </span>
     <span class='ocr_line' id='line_1_23' title="bbox 282 2711 1392 2798; baseline 0 -27"><span class='ocrx_word' id='word_1_183' title='bbox 282 2712 423 2772; x_wconf 81' lang='lat' dir='ltr'><strong>Matthiae</strong></span> <span class='ocrx_word' id='word_1_184' title='bbox 444 2715 528 2773; x_wconf 80' lang='lat' dir='ltr'><strong>huius</strong></span> <span class='ocrx_word' id='word_1_185' title='bbox 549 2717 597 2773; x_wconf 78' lang='grc' dir='ltr'><strong><em>νει·</em></strong></span> <span class='ocrx_word' id='word_1_186' title='bbox 615 2715 826 2798; x_wconf 81' lang='lat' dir='ltr'><strong>interpretatur,</strong></span> <span class='ocrx_word' id='word_1_187' title='bbox 851 2719 903 2776; x_wconf 83' lang='lat' dir='ltr'><strong>ubi</strong></span> <span class='ocrx_word' id='word_1_188' title='bbox 920 2716 1081 2793; x_wconf 82' lang='lat' dir='ltr'><strong>significare</strong></span> <span class='ocrx_word' id='word_1_189' title='bbox 1097 2714 1197 2784; x_wconf 84' lang='lat' dir='ltr'><strong>voluit,</strong></span> <span class='ocrx_word' id='word_1_190' title='bbox 1221 2711 1392 2773; x_wconf 83' lang='lat' dir='ltr'><strong>scholiastae</strong></span> 
     </span>
     <span class='ocr_line' id='line_1_24' title="bbox 282 2789 1394 2886; baseline -0.004 -33"><span class='ocrx_word' id='word_1_191' title='bbox 282 2795 377 2854; x_wconf 87' lang='lat' dir='ltr'><strong>verbis</strong></span> <span class='ocrx_word' id='word_1_192' title='bbox 405 2815 490 2855; x_wconf 85' lang='lat' dir='ltr'><strong>usus:</strong></span> <span class='ocrx_word' id='word_1_193' title='bbox 521 2791 612 2871; x_wconf 86' lang='grc' dir='ltr'><strong><em>όπου,</em></strong></span> <span class='ocrx_word' id='word_1_194' title='bbox 642 2795 674 2858; x_wconf 77' lang='grc' dir='ltr'><strong><em>ἐν</em></strong></span> <span class='ocrx_word' id='word_1_195' title='bbox 695 2801 819 2872; x_wconf 77' lang='grc' dir='ltr'><strong><em>Πυθοῖ,</em></strong></span> <span class='ocrx_word' id='word_1_196' title='bbox 849 2799 987 2886; x_wconf 85' lang='grc' dir='ltr'><strong><em>τιμωρίαν</em></strong></span> <span class='ocrx_word' id='word_1_197' title='bbox 1008 2789 1116 2858; x_wconf 78' lang='grc' dir='ltr'><strong><em>δίδωσι.</em></strong></span> <span class='ocrx_word' id='word_1_198' title='bbox 1160 2794 1202 2853; x_wconf 89' lang='lat' dir='ltr'><strong>At</strong></span> <span class='ocrx_word' id='word_1_199' title='bbox 1222 2790 1394 2852; x_wconf 79' lang='lat' dir='ltr'><strong>scholiastae</strong></span> 
     </span>
     <span class='ocr_line' id='line_1_25' title="bbox 280 2871 1393 2966; baseline 0 -30"><span class='ocrx_word' id='word_1_200' title='bbox 280 2879 368 2938; x_wconf 84' lang='lat' dir='ltr'><strong>verba</strong></span> <span class='ocrx_word' id='word_1_201' title='bbox 388 2880 531 2958; x_wconf 85' lang='lat' dir='ltr'><strong>pertinent</strong></span> <span class='ocrx_word' id='word_1_202' title='bbox 551 2877 587 2942; x_wconf 87' lang='lat' dir='ltr'><strong>ad</strong></span> <span class='ocrx_word' id='word_1_203' title='bbox 608 2878 684 2942; x_wconf 73' lang='grc' dir='ltr'><strong><em>ἔνθα</em></strong></span> <span class='ocrx_word' id='word_1_204' title='bbox 698 2882 794 2966; x_wconf 59' lang='grc' dir='ltr'><strong><em>Λοξίᾳ</em></strong></span> <span class='ocrx_word' id='word_1_205' title='bbox 809 2881 895 2961; x_wconf 78' lang='grc' dir='ltr'><strong><em>δίκην</em></strong></span> <span class='ocrx_word' id='word_1_206' title='bbox 909 2881 1019 2948; x_wconf 78' lang='grc' dir='ltr'><strong><em>δίδωσι.</em></strong></span> <span class='ocrx_word' id='word_1_207' title='bbox 1062 2879 1236 2944; x_wconf 79' lang='grc' dir='ltr'><strong><em>Βεοοεοίοει</em></strong></span> <span class='ocrx_word' id='word_1_208' title='bbox 1258 2872 1297 2956; x_wconf 76' lang='grc' dir='ltr'><strong><em>ἥν</em></strong></span> <span class='ocrx_word' id='word_1_209' title='bbox 1311 2871 1393 2950; x_wconf 85' lang='grc' dir='ltr'><strong><em>ποτ’,</em></strong></span> 
     </span>
     <span class='ocr_line' id='line_1_26' title="bbox 281 2953 1393 3046; baseline -0.003 -24"><span class='ocrx_word' id='word_1_210' title='bbox 281 2959 312 3034; x_wconf 80' lang='grc' dir='ltr'><strong>ἐς</strong></span> <span class='ocrx_word' id='word_1_211' title='bbox 333 2957 433 3022; x_wconf 73' lang='grc' dir='ltr'><strong><em>Πυθὼ</em></strong></span> <span class='ocrx_word' id='word_1_212' title='bbox 454 2956 565 3040; x_wconf 68' lang='grc' dir='ltr'><strong><em>μολόν,</em></strong></span> <span class='ocrx_word' id='word_1_213' title='bbox 586 2956 674 3046; x_wconf 72' lang='grc' dir='ltr'><strong><em>ᾔτησε</em></strong></span> <span class='ocrx_word' id='word_1_214' title='bbox 696 2966 825 3044; x_wconf 83' lang='grc' dir='ltr'><strong><em>Φοῖβον,</em></strong></span> <span class='ocrx_word' id='word_1_215' title='bbox 854 2958 963 3044; x_wconf 79' lang='grc' dir='ltr'><strong><em>πατρὸς</em></strong></span> <span class='ocrx_word' id='word_1_216' title='bbox 983 2953 1020 3026; x_wconf 78' lang='grc' dir='ltr'><strong>οὗ</strong></span> <span class='ocrx_word' id='word_1_217' title='bbox 1043 2963 1132 3023; x_wconf 86' lang='grc' dir='ltr'><strong><em>τίνειν</em></strong></span> <span class='ocrx_word' id='word_1_218' title='bbox 1153 2961 1246 3042; x_wconf 76' lang='grc' dir='ltr'><strong><em>δίκην.</em></strong></span> <span class='ocrx_word' id='word_1_219' title='bbox 1289 2957 1393 3019; x_wconf 85' lang='lat' dir='ltr'><strong>Abeo</strong></span> 
     </span>
     <span class='ocr_line' id='line_1_27' title="bbox 281 3031 1395 3125; baseline -0.004 -24"><span class='ocrx_word' id='word_1_220' title='bbox 281 3064 338 3102; x_wconf 88' lang='lat' dir='ltr'><strong>non</strong></span> <span class='ocrx_word' id='word_1_221' title='bbox 359 3045 477 3102; x_wconf 88' lang='lat' dir='ltr'><strong>multum</strong></span> <span class='ocrx_word' id='word_1_222' title='bbox 497 3046 617 3103; x_wconf 81' lang='lat' dir='ltr'><strong>recessit</strong></span> <span class='ocrx_word' id='word_1_223' title='bbox 636 3043 795 3125; x_wconf 82' lang='lat' dir='ltr'><strong>Pflughius‚</strong></span> <span class='ocrx_word' id='word_1_224' title='bbox 820 3064 928 3103; x_wconf 88' lang='lat' dir='ltr'><strong>mecum</strong></span> <span class='ocrx_word' id='word_1_225' title='bbox 950 3045 1077 3102; x_wconf 83' lang='lat' dir='ltr'><strong>scribens</strong></span> <span class='ocrx_word' id='word_1_226' title='bbox 1098 3038 1207 3122; x_wconf 84' lang='grc' dir='ltr'><strong><em>πατρὸς</em></strong></span> <span class='ocrx_word' id='word_1_227' title='bbox 1223 3031 1260 3102; x_wconf 79' lang='grc' dir='ltr'><strong>οὗ</strong></span> <span class='ocrx_word' id='word_1_228' title='bbox 1276 3036 1395 3101; x_wconf 84' lang='grc' dir='ltr'><strong><em>ἰιτίνειν</em></strong></span> 
     </span>
     <span class='ocr_line' id='line_1_28' title="bbox 267 3118 1395 3211; baseline -0.004 -26"><span class='ocrx_word' id='word_1_229' title='bbox 267 3125 375 3204; x_wconf 73' lang='grc' dir='ltr'><strong><em>’δίκην</em></strong></span> <span class='ocrx_word' id='word_1_230' title='bbox 418 3126 467 3184; x_wconf 82' lang='lat' dir='ltr'><strong>sic</strong></span> <span class='ocrx_word' id='word_1_231' title='bbox 489 3127 564 3186; x_wconf 79' lang='lat' dir='ltr'><strong>infra</strong></span> <span class='ocrx_word' id='word_1_232' title='bbox 590 3149 618 3188; x_wconf 85' lang='lat' dir='ltr'><strong>v.</strong></span> <span class='ocrx_word' id='word_1_233' title='bbox 637 3129 730 3193; x_wconf 83' lang='lat'><strong>1081.</strong></span> <span class='ocrx_word' id='word_1_234' title='bbox 758 3123 851 3211; x_wconf 72' lang='grc' dir='ltr'><strong><em>ᾔτησα</em></strong></span> <span class='ocrx_word' id='word_1_235' title='bbox 870 3121 925 3206; x_wconf 72' lang='grc' dir='ltr'><strong>γὰρ</strong></span> <span class='ocrx_word' id='word_1_236' title='bbox 945 3119 1054 3205; x_wconf 71' lang='grc' dir='ltr'><strong><em>πατρός</em></strong></span> <span class='ocrx_word' id='word_1_237' title='bbox 1074 3121 1138 3190; x_wconf 79' lang='grc' dir='ltr'><strong><em>ποτ’</em></strong></span> <span class='ocrx_word' id='word_1_238' title='bbox 1163 3118 1253 3187; x_wconf 74' lang='grc' dir='ltr'><strong><em>αὐτόν</em></strong></span> <span class='ocrx_word' id='word_1_239' title='bbox 1274 3119 1395 3198; x_wconf 71' lang='grc' dir='ltr'><strong><em>αἵματος</em></strong></span> 
     </span>
     <span class='ocr_line' id='line_1_29' title="bbox 281 3203 1394 3286; baseline -0.008 -19"><span class='ocrx_word' id='word_1_240' title='bbox 281 3207 387 3268; x_wconf 82' lang='grc' dir='ltr'><strong><em>δοῦναι</em></strong></span> <span class='ocrx_word' id='word_1_241' title='bbox 415 3207 507 3286; x_wconf 76' lang='grc' dir='ltr'><strong><em>δίκην.</em></strong></span> <span class='ocrx_word' id='word_1_242' title='bbox 551 3208 608 3268; x_wconf 78' lang='lat' dir='ltr'><strong>Set</strong></span> <span class='ocrx_word' id='word_1_243' title='bbox 638 3231 693 3268; x_wconf 85' lang='lat' dir='ltr'><strong>nen</strong></span> <span class='ocrx_word' id='word_1_244' title='bbox 722 3206 868 3267; x_wconf 82' lang='lat' dir='ltr'><strong>ferendum</strong></span> <span class='ocrx_word' id='word_1_245' title='bbox 896 3218 959 3266; x_wconf 84' lang='lat' dir='ltr'><strong>erat</strong></span> <span class='ocrx_word' id='word_1_246' title='bbox 984 3203 1037 3286; x_wconf 72' lang='grc' dir='ltr'><strong><em>ἣν,</em></strong></span> <span class='ocrx_word' id='word_1_247' title='bbox 1065 3227 1117 3286; x_wconf 88' lang='lat' dir='ltr'><strong>pro</strong></span> <span class='ocrx_word' id='word_1_248' title='bbox 1147 3225 1201 3283; x_wconf 89' lang='lat' dir='ltr'><strong>quo</strong></span> <span class='ocrx_word' id='word_1_249' title='bbox 1224 3223 1259 3262; x_wconf 90' lang='lat' dir='ltr'><strong>ne</strong></span> <span class='ocrx_word' id='word_1_250' title='bbox 1281 3203 1394 3261; x_wconf 87' lang='lat' dir='ltr'><strong>Reiskii</strong></span> 
     </span>
     <span class='ocr_line' id='line_1_30' title="bbox 282 3283 1394 3376; baseline -0.004 -30"><span class='ocrx_word' id='word_1_251' title='bbox 282 3287 394 3367; x_wconf 86' lang='lat' dir='ltr'><strong>quidem</strong></span> <span class='ocrx_word' id='word_1_252' title='bbox 423 3301 454 3348; x_wconf 88' lang='lat' dir='ltr'><strong>et</strong></span> <span class='ocrx_word' id='word_1_253' title='bbox 473 3290 631 3369; x_wconf 82' lang='lat' dir='ltr'><strong>Musgravii</strong></span> <span class='ocrx_word' id='word_1_254' title='bbox 651 3283 672 3376; x_wconf 72' lang='grc' dir='ltr'><em>ᾗ</em></span> <span class='ocrx_word' id='word_1_255' title='bbox 693 3291 820 3370; x_wconf 87' lang='lat' dir='ltr'><strong>probem.</strong></span> <span class='ocrx_word' id='word_1_256' title='bbox 864 3289 929 3368; x_wconf 85' lang='lat' dir='ltr'><strong>Ego</strong></span> <span class='ocrx_word' id='word_1_257' title='bbox 951 3286 985 3363; x_wconf 83' lang='grc' dir='ltr'><strong>ὃς</strong></span> <span class='ocrx_word' id='word_1_258' title='bbox 1005 3291 1123 3368; x_wconf 83' lang='lat' dir='ltr'><strong>scripsi,</strong></span> <span class='ocrx_word' id='word_1_259' title='bbox 1154 3285 1228 3365; x_wconf 82' lang='lat' dir='ltr'><strong>qued</strong></span> <span class='ocrx_word' id='word_1_260' title='bbox 1250 3286 1286 3344; x_wconf 88' lang='lat' dir='ltr'><strong>ah</strong></span> <span class='ocrx_word' id='word_1_261' title='bbox 1307 3284 1394 3343; x_wconf 89' lang='lat' dir='ltr'><strong>Euri-</strong></span> 
     </span>
     <span class='ocr_line' id='line_1_31' title="bbox 282 3362 1394 3451; baseline -0.004 -22"><span class='ocrx_word' id='word_1_262' title='bbox 282 3371 362 3450; x_wconf 81' lang='lat' dir='ltr'><strong>pide,</strong></span> <span class='ocrx_word' id='word_1_263' title='bbox 395 3373 419 3430; x_wconf 91' lang='lat' dir='ltr'><strong>si</strong></span> <span class='ocrx_word' id='word_1_264' title='bbox 441 3393 520 3433; x_wconf 87' lang='lat' dir='ltr'><strong>usum</strong></span> <span class='ocrx_word' id='word_1_265' title='bbox 541 3386 642 3444; x_wconf 85' lang='lat' dir='ltr'><strong>teneo,</strong></span> <span class='ocrx_word' id='word_1_266' title='bbox 674 3374 831 3451; x_wconf 84' lang='lat' dir='ltr'><strong>profectum</strong></span> <span class='ocrx_word' id='word_1_267' title='bbox 854 3372 950 3431; x_wconf 82' lang='lat' dir='ltr'><strong>crede.</strong></span> <span class='ocrx_word' id='word_1_268' title='bbox 998 3371 1185 3450; x_wconf 83' lang='lat' dir='ltr'><strong>Lentingius:</strong></span> <span class='ocrx_word' id='word_1_269' title='bbox 1216 3365 1255 3447; x_wconf 67' lang='grc' dir='ltr'><strong><em>ἦν</em></strong></span> <span class='ocrx_word' id='word_1_270' title='bbox 1275 3362 1339 3428; x_wconf 88' lang='grc' dir='ltr'><strong><em>ποτ’</em></strong></span> <span class='ocrx_word' id='word_1_271' title='bbox 1364 3363 1394 3435; x_wconf 77' lang='grc' dir='ltr'><strong>ἐς</strong></span> 
     </span>
     <span class='ocr_line' id='line_1_32' title="bbox 283 3446 1393 3540; baseline -0.004 -27"><span class='ocrx_word' id='word_1_272' title='bbox 283 3449 383 3515; x_wconf 76' lang='grc' dir='ltr'><strong><em>Πυθὼ</em></strong></span> <span class='ocrx_word' id='word_1_273' title='bbox 399 3451 494 3532; x_wconf 76' lang='grc' dir='ltr'><strong><em>μολόν</em></strong></span> <span class='ocrx_word' id='word_1_274' title='bbox 508 3451 595 3540; x_wconf 67' lang='grc' dir='ltr'><strong><em>ᾔτησε</em></strong></span> <span class='ocrx_word' id='word_1_275' title='bbox 613 3457 724 3533; x_wconf 83' lang='grc' dir='ltr'><strong><em>Φοῖβον</em></strong></span> <span class='ocrx_word' id='word_1_276' title='bbox 739 3451 856 3534; x_wconf 79' lang='grc' dir='ltr'><strong><em>πατρὸς,</em></strong></span> <span class='ocrx_word' id='word_1_277' title='bbox 878 3446 915 3514; x_wconf 80' lang='grc' dir='ltr'><strong>οὗ</strong></span> <span class='ocrx_word' id='word_1_278' title='bbox 931 3455 1046 3528; x_wconf 81' lang='grc' dir='ltr'><strong><em>κτείνει,</em></strong></span> <span class='ocrx_word' id='word_1_279' title='bbox 1068 3455 1161 3532; x_wconf 76' lang='grc' dir='ltr'><strong><em>δίκην.</em></strong></span> <span class='ocrx_word' id='word_1_280' title='bbox 1188 3449 1220 3509; x_wconf 85' lang='lat' dir='ltr'><strong>ld</strong></span> <span class='ocrx_word' id='word_1_281' title='bbox 1238 3447 1274 3510; x_wconf 83' lang='grc' dir='ltr'><strong><em>ὃν</em></strong></span> <span class='ocrx_word' id='word_1_282' title='bbox 1288 3447 1393 3508; x_wconf 82' lang='grc' dir='ltr'><strong><em>κτείνει</em></strong></span> 
     </span>
     <span class='ocr_line' id='line_1_33' title="bbox 283 3526 1394 3614; baseline -0.005 -21"><span class='ocrx_word' id='word_1_283' title='bbox 283 3535 430 3596; x_wconf 85' lang='lat' dir='ltr'><strong>dicendum</strong></span> <span class='ocrx_word' id='word_1_284' title='bbox 453 3539 540 3596; x_wconf 85' lang='lat' dir='ltr'><strong>fuisse</strong></span> <span class='ocrx_word' id='word_1_285' title='bbox 562 3548 640 3596; x_wconf 80' lang='lat' dir='ltr'><strong>recte</strong></span> <span class='ocrx_word' id='word_1_286' title='bbox 662 3538 690 3594; x_wconf 88' lang='lat' dir='ltr'><strong>in</strong></span> <span class='ocrx_word' id='word_1_287' title='bbox 713 3555 833 3594; x_wconf 83' lang='lat' dir='ltr'><strong>censura</strong></span> <span class='ocrx_word' id='word_1_288' title='bbox 855 3538 964 3596; x_wconf 81' lang='lat' dir='ltr'><strong>monuit</strong></span> <span class='ocrx_word' id='word_1_289' title='bbox 984 3535 1144 3614; x_wconf 79' lang='lat' dir='ltr'><strong>Pflugkius.</strong></span> <span class='ocrx_word' id='word_1_290' title='bbox 1189 3532 1340 3597; x_wconf 81' lang='lat' dir='ltr'><strong>Caeterum</strong></span> <span class='ocrx_word' id='word_1_291' title='bbox 1363 3526 1394 3599; x_wconf 73' lang='grc' dir='ltr'><strong>ἐς</strong></span> 
     </span>
     <span class='ocr_line' id='line_1_34' title="bbox 283 3612 1391 3696; baseline -0.01 -16"><span class='ocrx_word' id='word_1_292' title='bbox 283 3614 383 3680; x_wconf 78' lang='grc' dir='ltr'><strong><em>Πνθόι</em></strong></span> <span class='ocrx_word' id='word_1_293' title='bbox 412 3619 480 3680; x_wconf 89' lang='lat' dir='ltr'><strong>Par.</strong></span> <span class='ocrx_word' id='word_1_294' title='bbox 510 3621 546 3678; x_wconf 92' lang='lat' dir='ltr'><strong>B.</strong></span> <span class='ocrx_word' id='word_1_295' title='bbox 570 3618 608 3678; x_wconf 81' lang='grc' dir='ltr'><strong>Ε.</strong></span> <span class='ocrx_word' id='word_1_296' title='bbox 632 3616 700 3678; x_wconf 87' lang='lat' dir='ltr'><strong>Ald.</strong></span> <span class='ocrx_word' id='word_1_297' title='bbox 726 3619 789 3678; x_wconf 83' lang='lat' dir='ltr'><strong>rell.</strong></span> <span class='ocrx_word' id='word_1_298' title='bbox 814 3617 899 3678; x_wconf 85' lang='lat' dir='ltr'><strong>Lasc.</strong></span> <span class='ocrx_word' id='word_1_299' title='bbox 923 3631 953 3678; x_wconf 89' lang='lat' dir='ltr'><strong>et</strong></span> <span class='ocrx_word' id='word_1_300' title='bbox 982 3619 1068 3680; x_wconf 87' lang='lat' dir='ltr'><strong>credo</strong></span> <span class='ocrx_word' id='word_1_301' title='bbox 1097 3619 1145 3676; x_wconf 76' lang='lat' dir='ltr'><strong>atii</strong></span> <span class='ocrx_word' id='word_1_302' title='bbox 1175 3632 1287 3696; x_wconf 85' lang='lat' dir='ltr'><strong>queque</strong></span> <span class='ocrx_word' id='word_1_303' title='bbox 1315 3612 1391 3669; x_wconf 85' lang='lat' dir='ltr'><strong>libri.</strong></span> 
     </span>
     <span class='ocr_line' id='line_1_35' title="bbox 281 3696 610 3774; baseline 0.009 -17"><span class='ocrx_word' id='word_1_304' title='bbox 281 3700 350 3760; x_wconf 89' lang='lat' dir='ltr'><strong>Par.</strong></span> <span class='ocrx_word' id='word_1_305' title='bbox 374 3701 413 3761; x_wconf 91' lang='lat' dir='ltr'><strong>A.</strong></span> <span class='ocrx_word' id='word_1_306' title='bbox 438 3701 480 3774; x_wconf 88' lang='grc' dir='ltr'><strong>είς</strong></span> <span class='ocrx_word' id='word_1_307' title='bbox 501 3696 610 3762; x_wconf 80' lang='grc' dir='ltr'><strong><em>Ποθτό.</em></strong></span> 
     </span>
    </p>
   </div>
   <div class='ocr_carea' id='block_1_7' title="bbox 280 3791 1391 3962">
    <p class='ocr_par' dir='ltr' id='par_1_8' title="bbox 280 3791 1391 3962">
     <span class='ocr_line' id='line_1_36' title="bbox 369 3791 1391 3878; baseline -0.015 -17"><span class='ocrx_word' id='word_1_308' title='bbox 369 3798 422 3861; x_wconf 81' lang='grc'><strong>54.</strong></span> <span class='ocrx_word' id='word_1_309' title='bbox 466 3799 552 3858; x_wconf 86' lang='lat' dir='ltr'><strong>Lasc.</strong></span> <span class='ocrx_word' id='word_1_310' title='bbox 575 3795 644 3856; x_wconf 84' lang='lat' dir='ltr'><strong>Aid.</strong></span> <span class='ocrx_word' id='word_1_311' title='bbox 667 3791 807 3878; x_wconf 80' lang='grc' dir='ltr'><strong><em>πρόσθεν.</em></strong></span> <span class='ocrx_word' id='word_1_312' title='bbox 849 3797 919 3858; x_wconf 88' lang='lat' dir='ltr'><strong>Par.</strong></span> <span class='ocrx_word' id='word_1_313' title='bbox 937 3799 976 3858; x_wconf 89' lang='lat' dir='ltr'><strong>A.</strong></span> <span class='ocrx_word' id='word_1_314' title='bbox 994 3798 1031 3857; x_wconf 89' lang='grc' dir='ltr'><strong>Β.</strong></span> <span class='ocrx_word' id='word_1_315' title='bbox 1050 3797 1130 3856; x_wconf 83' lang='lat' dir='ltr'><strong>Fler.</strong></span> <span class='ocrx_word' id='word_1_316' title='bbox 1148 3796 1198 3860; x_wconf 87' lang='lat'><strong>10.</strong></span> <span class='ocrx_word' id='word_1_317' title='bbox 1219 3795 1269 3855; x_wconf 88' lang='grc'><strong>15.</strong></span> <span class='ocrx_word' id='word_1_318' title='bbox 1295 3791 1391 3850; x_wconf 83' lang='lat' dir='ltr'><strong>Havn.</strong></span> 
     </span>
     <span class='ocr_line' id='line_1_37' title="bbox 280 3874 1154 3962; baseline -0.007 -18"><span class='ocrx_word' id='word_1_319' title='bbox 280 3875 403 3962; x_wconf 77' lang='grc' dir='ltr'><strong><em>πρόσθε.</em></strong></span> <span class='ocrx_word' id='word_1_320' title='bbox 445 3880 528 3942; x_wconf 84' lang='lat' dir='ltr'><strong>Nihil</strong></span> <span class='ocrx_word' id='word_1_321' title='bbox 550 3901 620 3960; x_wconf 83' lang='lat' dir='ltr'><strong>epus</strong></span> <span class='ocrx_word' id='word_1_322' title='bbox 642 3879 787 3958; x_wconf 82' lang='lat' dir='ltr'><strong>Lentingii</strong></span> <span class='ocrx_word' id='word_1_323' title='bbox 810 3883 973 3941; x_wconf 80' lang='lat' dir='ltr'><strong>coniectura</strong></span> <span class='ocrx_word' id='word_1_324' title='bbox 995 3874 1154 3957; x_wconf 78' lang='grc' dir='ltr'><strong><em>ἐξιώμενος.</em></strong></span> 
     </span>
    </p>
   </div>
   <div class='ocr_carea' id='block_1_8' title="bbox 279 3943 1396 4221">
    <p class='ocr_par' dir='ltr' id='par_1_9' title="bbox 279 3943 1396 4221">
     <span class='ocr_line' id='line_1_38' title="bbox 370 3943 1396 4051; baseline -0.016 -9"><span class='ocrx_word' id='word_1_325' title='bbox 370 3980 422 4042; x_wconf 86' lang='grc'><strong>55.</strong></span> <span class='ocrx_word' id='word_1_326' title='bbox 467 3978 536 4039; x_wconf 83' lang='lat' dir='ltr'><strong>Par.</strong></span> <span class='ocrx_word' id='word_1_327' title='bbox 568 3977 608 4038; x_wconf 87' lang='lat' dir='ltr'><strong>A.</strong></span> <span class='ocrx_word' id='word_1_328' title='bbox 640 3978 720 4038; x_wconf 86' lang='lat' dir='ltr'><strong>Flor.</strong></span> <span class='ocrx_word' id='word_1_329' title='bbox 744 3979 775 4040; x_wconf 87' lang='lat'><strong>2.</strong></span> <span class='ocrx_word' id='word_1_330' title='bbox 801 3980 851 4043; x_wconf 85' lang='lat' dir='ltr'><strong>lo.</strong></span> <span class='ocrx_word' id='word_1_331' title='bbox 879 3982 930 4044; x_wconf 86' lang='grc'><strong>15.</strong></span> <span class='ocrx_word' id='word_1_332' title='bbox 961 3979 1041 4040; x_wconf 89' lang='lat' dir='ltr'><strong>Vict.</strong></span> <span class='ocrx_word' id='word_1_333' title='bbox 1067 3978 1161 4036; x_wconf 83' lang='lat' dir='ltr'><strong>Havn.</strong></span> <span class='ocrx_word' id='word_1_334' title='bbox 1194 3943 1396 4051; x_wconf 42' lang='lat' dir='ltr'><strong>frangAm-</strong></span> 
     </span>
     <span class='ocr_line' id='line_1_39' title="bbox 279 4049 1394 4139; baseline -0.01 -20"><span class='ocrx_word' id='word_1_335' title='bbox 279 4061 358 4120; x_wconf 84' lang='lat' dir='ltr'><strong>hres.</strong></span> <span class='ocrx_word' id='word_1_336' title='bbox 388 4060 429 4131; x_wconf 85' lang='grc' dir='ltr'><strong>είς</strong></span> <span class='ocrx_word' id='word_1_337' title='bbox 456 4058 489 4122; x_wconf 85' lang='grc' dir='ltr'><strong><em>τὸ</em></strong></span> <span class='ocrx_word' id='word_1_338' title='bbox 518 4057 639 4136; x_wconf 80' lang='grc' dir='ltr'><strong><em>λοιπόν,</em></strong></span> <span class='ocrx_word' id='word_1_339' title='bbox 669 4060 769 4139; x_wconf 86' lang='lat' dir='ltr'><strong>quibus</strong></span> <span class='ocrx_word' id='word_1_340' title='bbox 799 4060 966 4139; x_wconf 85' lang='lat' dir='ltr'><strong>Lentingius</strong></span> <span class='ocrx_word' id='word_1_341' title='bbox 994 4058 1073 4118; x_wconf 86' lang='lat' dir='ltr'><strong>addit</strong></span> <span class='ocrx_word' id='word_1_342' title='bbox 1098 4059 1167 4117; x_wconf 89' lang='lat' dir='ltr'><strong>Par.</strong></span> <span class='ocrx_word' id='word_1_343' title='bbox 1200 4056 1237 4114; x_wconf 93' lang='lat' dir='ltr'><strong>B.</strong></span> <span class='ocrx_word' id='word_1_344' title='bbox 1261 4053 1298 4112; x_wconf 87' lang='grc' dir='ltr'><strong>Ε.</strong></span> <span class='ocrx_word' id='word_1_345' title='bbox 1322 4049 1394 4119; x_wconf 74' lang='grc' dir='ltr'><strong>ΑΜ,</strong></span> 
     </span>
     <span class='ocr_line' id='line_1_40' title="bbox 281 4129 1372 4221; baseline -0.009 -19"><span class='ocrx_word' id='word_1_346' title='bbox 281 4143 366 4202; x_wconf 88' lang='lat' dir='ltr'><strong>Lasc.</strong></span> <span class='ocrx_word' id='word_1_347' title='bbox 391 4143 478 4201; x_wconf 86' lang='lat' dir='ltr'><strong>falsus</strong></span> <span class='ocrx_word' id='word_1_348' title='bbox 501 4145 598 4204; x_wconf 86' lang='lat' dir='ltr'><strong>saltem</strong></span> <span class='ocrx_word' id='word_1_349' title='bbox 621 4145 649 4202; x_wconf 84' lang='lat' dir='ltr'><strong>in</strong></span> <span class='ocrx_word' id='word_1_350' title='bbox 672 4141 740 4201; x_wconf 86' lang='lat' dir='ltr'><strong>Ald.</strong></span> <span class='ocrx_word' id='word_1_351' title='bbox 765 4154 794 4200; x_wconf 93' lang='lat' dir='ltr'><strong>et</strong></span> <span class='ocrx_word' id='word_1_352' title='bbox 809 4142 894 4204; x_wconf 75' lang='grc' dir='ltr'><strong><em>[πει.</em></strong></span> <span class='ocrx_word' id='word_1_353' title='bbox 920 4146 947 4200; x_wconf 90' lang='lat' dir='ltr'><strong>in</strong></span> <span class='ocrx_word' id='word_1_354' title='bbox 970 4143 1071 4221; x_wconf 87' lang='lat' dir='ltr'><strong>quihus</strong></span> <span class='ocrx_word' id='word_1_355' title='bbox 1092 4152 1136 4199; x_wconf 90' lang='lat' dir='ltr'><strong>est</strong></span> <span class='ocrx_word' id='word_1_356' title='bbox 1157 4137 1187 4210; x_wconf 80' lang='grc' dir='ltr'><strong>ἒς</strong></span> <span class='ocrx_word' id='word_1_357' title='bbox 1207 4133 1239 4197; x_wconf 84' lang='grc' dir='ltr'><strong><em>τὸ</em></strong></span> <span class='ocrx_word' id='word_1_358' title='bbox 1261 4129 1372 4196; x_wconf 83' lang='grc' dir='ltr'><strong><em>λοιπὸν.</em></strong></span> 
     </span>
    </p>
   </div>
   <div class='ocr_carea' id='block_1_9' title="bbox 269 4229 1399 4566">
    <p class='ocr_par' dir='ltr' id='par_1_10' title="bbox 269 4229 1399 4566">
     <span class='ocr_line' id='line_1_41' title="bbox 372 4229 1396 4318; baseline -0.015 -17"><span class='ocrx_word' id='word_1_359' title='bbox 372 4240 423 4301; x_wconf 82' lang='lat'><strong>56.</strong></span> <span class='ocrx_word' id='word_1_360' title='bbox 468 4242 501 4299; x_wconf 88' lang='lat' dir='ltr'><strong>ln</strong></span> <span class='ocrx_word' id='word_1_361' title='bbox 524 4240 714 4318; x_wconf 79' lang='lat' dir='ltr'><strong>Hervagianis</strong></span> <span class='ocrx_word' id='word_1_362' title='bbox 736 4259 820 4316; x_wconf 87' lang='lat' dir='ltr'>quum</span> <span class='ocrx_word' id='word_1_363' title='bbox 842 4242 975 4300; x_wconf 87' lang='lat' dir='ltr'><strong>omissum</strong></span> <span class='ocrx_word' id='word_1_364' title='bbox 997 4251 1073 4298; x_wconf 89' lang='lat' dir='ltr'><strong>esset</strong></span> <span class='ocrx_word' id='word_1_365' title='bbox 1092 4258 1148 4307; x_wconf 88' lang='grc' dir='ltr'><strong><em>τοι,</em></strong></span> <span class='ocrx_word' id='word_1_366' title='bbox 1170 4231 1310 4294; x_wconf 85' lang='lat' dir='ltr'><strong>Canterus</strong></span> <span class='ocrx_word' id='word_1_367' title='bbox 1332 4229 1396 4286; x_wconf 79' lang='lat' dir='ltr'><strong>clii-</strong></span> 
     </span>
     <span class='ocr_line' id='line_1_42' title="bbox 282 4312 1394 4398; baseline -0.009 -20"><span class='ocrx_word' id='word_1_368' title='bbox 282 4339 336 4398; x_wconf 82' lang='lat' dir='ltr'><strong>que</strong></span> <span class='ocrx_word' id='word_1_369' title='bbox 358 4339 414 4378; x_wconf 87' lang='lat' dir='ltr'><strong>non</strong></span> <span class='ocrx_word' id='word_1_370' title='bbox 441 4323 578 4380; x_wconf 87' lang='lat' dir='ltr'><strong>consuitis</strong></span> <span class='ocrx_word' id='word_1_371' title='bbox 600 4321 666 4380; x_wconf 83' lang='lat' dir='ltr'><strong>edd.</strong></span> <span class='ocrx_word' id='word_1_372' title='bbox 692 4319 760 4380; x_wconf 91' lang='lat' dir='ltr'><strong>Ald.</strong></span> <span class='ocrx_word' id='word_1_373' title='bbox 787 4323 872 4382; x_wconf 87' lang='lat' dir='ltr'><strong>Lasc.</strong></span> <span class='ocrx_word' id='word_1_374' title='bbox 900 4324 990 4382; x_wconf 88' lang='lat' dir='ltr'><strong>Bruh.</strong></span> <span class='ocrx_word' id='word_1_375' title='bbox 1014 4325 1042 4382; x_wconf 86' lang='lat' dir='ltr'><strong>in</strong></span> <span class='ocrx_word' id='word_1_376' title='bbox 1064 4317 1176 4397; x_wconf 79' lang='lat' dir='ltr'><strong>quihus,</strong></span> <span class='ocrx_word' id='word_1_377' title='bbox 1201 4315 1274 4371; x_wconf 88' lang='lat' dir='ltr'><strong>utin</strong></span> <span class='ocrx_word' id='word_1_378' title='bbox 1291 4312 1394 4386; x_wconf 84' lang='lat' dir='ltr'><strong>fragm.</strong></span> 
     </span>
     <span class='ocr_line' id='line_1_43' title="bbox 282 4395 1399 4476; baseline -0.005 -16"><span class='ocrx_word' id='word_1_379' title='bbox 282 4401 418 4460; x_wconf 84' lang='lat' dir='ltr'><strong>Ambros.</strong></span> <span class='ocrx_word' id='word_1_380' title='bbox 443 4415 488 4473; x_wconf 77' lang='lat' dir='ltr'><strong>ct,</strong></span> <span class='ocrx_word' id='word_1_381' title='bbox 512 4401 610 4473; x_wconf 73' lang='lat' dir='ltr'><strong>credo,</strong></span> <span class='ocrx_word' id='word_1_382' title='bbox 635 4403 755 4462; x_wconf 85' lang='lat' dir='ltr'><strong>caeteris</strong></span> <span class='ocrx_word' id='word_1_383' title='bbox 778 4405 872 4476; x_wconf 83' lang='lat' dir='ltr'><strong>libris,</strong></span> <span class='ocrx_word' id='word_1_384' title='bbox 904 4427 948 4467; x_wconf 89' lang='grc' dir='ltr'><strong>τοι</strong></span> <span class='ocrx_word' id='word_1_385' title='bbox 974 4415 1035 4474; x_wconf 82' lang='lat' dir='ltr'><strong>est,</strong></span> <span class='ocrx_word' id='word_1_386' title='bbox 1059 4395 1239 4462; x_wconf 82' lang='lat' dir='ltr'><strong>inserendum</strong></span> <span class='ocrx_word' id='word_1_387' title='bbox 1261 4403 1399 4472; x_wconf 83' lang='lat' dir='ltr'><strong>putarunt</strong></span> 
     </span>
     <span class='ocr_line' id='line_1_44' title="bbox 269 4478 742 4566; baseline 0.002 -26"><span class='ocrx_word' id='word_1_388' title='bbox 269 4478 356 4566; x_wconf 58' lang='grc' dir='ltr'><strong><em>μὰρ,</em></strong></span> <span class='ocrx_word' id='word_1_389' title='bbox 379 4487 555 4560; x_wconf 86' lang='lat' dir='ltr'><strong>servavitque</strong></span> <span class='ocrx_word' id='word_1_390' title='bbox 578 4485 742 4544; x_wconf 86' lang='lat' dir='ltr'><strong>Barncsius.</strong></span> 
     </span>
    </p>
   </div>
   <div class='ocr_carea' id='block_1_10' title="bbox 0 0 1509 4952">
    <p class='ocr_par' dir='ltr' id='par_1_11' title="bbox 0 0 1509 4952">
     <span class='ocr_line' id='line_1_45' title="bbox 0 0 1509 4952; baseline 0 0"><span class='ocrx_word' id='word_1_391' title='bbox 0 0 1509 4952; x_wconf 95' lang='lat' dir='ltr'><strong> </strong></span> 
     </span>
    </p>
   </div>
  </div>
 </body>
</html>
