2982 4948
293 513 514 619 συγγνωστὰ
539 514 610 613 μὲν
638 522 710 592 νῦν
732 538 789 591 σοι
814 512 923 604 τόδ’,
949 517 1034 592 ἀλλ’
1058 519 1159 615 ὅμως
1181 503 1317 620 χρεων

293 646 447 739 κοσμεῖν
466 647 650 744 γυναῖκας
673 640 740 724 τὰς
764 641 978 742 γυναικείας
992 640 1147 728 νόσους.
1187 687 1191 695 -
1215 679 1218 686 ·

688 793 997 901 ουἘΣΤΗΣ.

292 947 413 1050 σοφόν
437 977 472 1024 τι
489 955 618 1047 χρῆμα
643 947 711 1025 Ιτοῦ
730 947 954 1036 διδάξαντος
972 949 1131 1051 βροτοὺς

292 1071 423 1177 λόγους
448 1068 598 1148 ἀκούειν
621 1081 700 1150 τῶν
724 1074 906 1151 ἐναντίων
931 1071 1049 1175 αόρα·

222 1199 366 1304 9353μώ
390 1197 463 1303 γὰρ
485 1196 594 1284 alticio
618 1198 738 1275 τῶνδε
764 1196 946 1302 σύγχυσιν
972 1198 1103 1299 δόμων

292 1329 370 1426 ἔριν
393 1354 431 1399 τε
456 1321 526 1418 τὴν
551 1321 620 1420 σὴν
636 1322 699 1398 καὶ
724 1324 903 1427 γυναικὸς
919 1325 1104 1426 Ἕκτορος,
1185 1315 1188 1322 ’

294 1448 466 1552 φυλακὰς
491 1450 587 1546 ἔχων
612 1451 786 1548 ἔμιμνον,
814 1450 882 1524 εἴτ’
910 1450 1025 1524 αὐτοῦ
1049 1454 1182 1548 μενεῖς,
1305 1501 1319 1539 ,

292 1577 360 1652 εἴτ’
387 1573 633 1674 ἐκῳοβηθεῒσ’
659 1573 931 1671 αλχμαλωεόόος
957 1576 1068 1676 φόβῳ

284 1697 470 1804 ’γυναικὸς
491 1701 605 1773 οἴκων
627 1697 746 1773 τῶνδ’
773 1697 1011 1797 ἀπηλλάχθαι
1037 1700 1165 1784 θέλεις.

221 1824 412 1923 cutiaco
437 1821 479 1900 tli-
503 1821 571 1907 τὰς
594 1820 662 1906 σὰς
688 1822 733 1912 οὐ
756 1824 883 1922 μόνων
908 1822 1110 1913 εἀιστολός,

289 2020 569 2034 -ι--Ι

374 2128 447 2190 931.
492 2125 577 2185 Lasc.
607 2123 676 2186 All.
709 2127 800 2186 llerv.
833 2128 864 2190 1.
891 2125 923 2190 2.
948 2125 1032 2186 Cant.
1061 2137 1091 2186 et
1119 2125 1202 2187 colel.
1232 2127 1400 2236 σαμῳνασυὰ

292 2209 345 2291 μὲν
366 2199 420 2273 οὖν
441 2226 487 2271 σοι
507 2203 594 2290 τόδ’,
621 2220 735 2287 praetor
754 2212 849 2270 Have.
880 2212 983 2290 inquo
1006 2206 1173 2294 συγγνωστά
1193 2227 1239 2272 σοι
1264 2237 1316 2292 μευ
1342 2205 1399 2276 οὖν

292 2289 372 2369 τόδ’,
401 2305 432 2352 ut
461 2295 489 2351 iu
516 2291 742 2351 Bruhachiana.·
776 2292 916 2353 canterus
942 2289 994 2371 μὲν
1018 2299 1091 2368 νῦν,
1125 2293 1333 2355 Valckenarius
1360 2297 1398 2356 ad

293 2377 410 2458 Hippoi.
433 2377 486 2439 20.
510 2372 562 2454 μέν
581 2397 650 2448 νυν,
674 2373 748 2454 quod
770 2378 877 2455 placuit
897 2375 1074 2456 quibusdam,
1097 2379 1151 2438 etsi
1172 2391 1312 2462 repugnat
1332 2400 1398 2440 seu·

292 2462 408 2522 tentiae.
452 2460 592 2542 Fortasse¹
609 2459 722 2538 scripsit
743 2458 845 2537 μέντοι.

374 2568 447 2631 932.
491 2564 560 2625 Ati.
590 2565 653 2624 rell.
688 2560 740 2638 τὰς
765 2565 948 2648 γυναικείους
976 2559 1086 2642 φόοεις.
1136 2565 1221 2626 Lase.
1253 2580 1283 2627 et
1309 2569 1393 2629 eorlrl.

291 2647 398 2723 νόσους
418 2671 470 2729 pro
492 2644 609 2726 φόσεις,
631 2659 661 2706 et
680 2649 760 2708 Vict.
785 2650 879 2708 Havn.
903 2650 987 2706 etiaru
1008 2649 1183 2728 γυναικείας.

375 2751 447 2812 937.
491 2746 560 2806 All.
584 2747 647 2806 rell.
671 2743 772 2824 μένεις.
813 2746 898 2806 Lase.
922 2757 951 2807 et
971 2744 1055 2805 codd.
1081 2752 1186 2825 μενεῖς.
1228 2746 1338 2810 Nescio
1360 2773 1398 2812 au

290 2855 395 3000 itti.
418 2827 1015 2993 “nielli·ellit„titltlluil
1038 2830 1318 2993 lti⁴ltu³¹ltllt
1331 2836 1398 2979 'lif

290 3011 400 3082 spectat
429 2997 495 3080 quid
517 2998 627 3059 lactura
648 2999 686 3060 sit
706 2997 875 3066 Hermiona,-
1023 3057 1027 3065 ,

373 3101 446 3162 938.
490 3097 571 3157 Libri
599 3092 702 3182 φόβῳ,
733 3094 807 3176 quod
829 3095 996 3173 Leutiogius
1026 3098 1055 3155 iu
1084 3091 1167 3180 φόνῳ
1196 3100 1330 3169 mutauit,
1364 3113 1398 3160 ut

290 3184 388 3244 eodem
418 3180 501 3240 morlo
531 3179 635 3238 dictum
666 3200 721 3259 quo
742 3201 770 3239 u.
794 3181 867 3241 895.
898 3185 960 3251 τοῖς
988 3177 1179 3259 δεδραμένοις.
1228 3179 1397 3260 Eodemque

291 3267 374 3326 modo
395 3267 480 3324 etiam
501 3284 529 3323 v.
550 3264 641 3326 1027.
666 3258 748 3347 φόνῳ
768 3281 820 3342 pro
842 3257 927 3346 φόβῳ
948 3262 1125 3321 scribendum
1143 3261 1286 3323 iudicavit.
1324 3265 1396 3327 Non

291 3371 379 3431 opus,
409 3367 493 3428 quoru
523 3345 727 3426 αἰχμαλωτίδας
755 3340 840 3430 φόβῳ
869 3347 1048 3425 interpretari
1078 3347 1162 3405 liceat
1183 3358 1258 3406 metu
1279 3359 1398 3427 propter

291 3436 440 3514 captivam.
493 3428 542 3489 Sic
565 3429 721 3509 Sophocles
744 3426 817 3488 Oet.
842 3429 881 3488 R.
905 3431 975 3491 988.
1002 3425 1074 3490 ἀλλὰ
1101 3434 1154 3509 τῆς
1179 3425 1271 3508 ζώσης
1291 3427 1394 3510 φόβος.

291 3517 374 3592 Quod
401 3516 562 3575 declaratur
589 3533 722 3592 responso
744 3513 859 3570 nuncii:
891 3510 978 3583 ποίας
1007 3509 1038 3573 tt
1066 3511 1116 3576 καλ
1140 3507 1279 3595 γυναικός
1307 3511 1396 3592 ἐκφο-

289 3596 386 3680 βεῖσθ’
411 3596 501 3678 linc&
531 3606 563 3654 ut
583 3597 611 3653 iu
633 3594 834 3653 Andromacha
856 3595 1024 3655 scholiastae
1046 3597 1157 3670 verhiS,
1186 3601 1226 3681 τῷ
1247 3591 1332 3683 φόβῳ
1351 3603 1395 3660 τῶ

181 3751 184 3766 Β
290 3678 363 3760 aiulo
385 3687 437 3761 τῆς
458 3677 679 3758 αἰχμαλωτίδας,
702 3675 738 3735 ad
760 3699 787 3737 v.
813 3679 904 3741 1027.
1371 3665 1379 3684 ’

374 3780 446 3844 940.
490 3775 558 3836 All.
578 3777 641 3835 rell.
665 3767 761 3856 ἦλθον
781 3770 885 3849 δὲτὰς
905 3771 958 3850 σὰς
978 3773 1015 3839 οὖ
1035 3775 1129 3855 μόναν
1149 3773 1307 3852 ἐπιστολάς.
1343 3781 1395 3841 Sie

291 3868 375 3926 etiam
398 3862 494 3922 Guelt.
518 3860 567 3920 sed
590 3860 720 3920 omittens
740 3855 800 3933 τός.
842 3860 923 3920 Flor.
940 3859 1075 3922 Α.1’ἰελ.
1099 3850 1195 3942 ἦλθον
1216 3859 1319 3936 δὲτὰς
1340 3860 1395 3937 σὰς

291 3944 328 4012 οὗ
357 3947 448 4029 σέβων
477 3938 634 4015 ἐπιστολάς.
684 3943 753 4004 Par.
775 3945 815 4002 A.
839 3941 878 4002 D.
902 3942 939 4001 E.
971 3944 1051 4002 Flor.
1075 3947 1105 4007 2.
1137 3945 1187 4006 10.
1211 3948 1262 4008 15.
1293 3947 1391 4008 Horu.

291 4033 376 4093 Lase.
399 4021 496 4110 ἦλθον
522 4026 553 4089 δὲ
584 4022 637 4099 σὰς
654 4024 710 4131 μὲν
731 4022 767 4088 οό
796 4024 888 4106 σέβων
916 4023 1072 4099 ἐπιστολάς.
1115 4027 1293 4088 Scholiasta:
1326 4026 1394 4103 σὰς

291 4114 358 4196 μὲν
380 4111 422 4176 οὐ
444 4112 537 4192 σέβω
545 4135 571 4173 ν.
608 4106 651 4172 circ
681 4109 806 4188 ἐμαυτοῦ
825 4101 935 4189 ἦλθον,
963 4105 999 4171 οὗ
1020 4105 1070 4171 διὰ
1089 4105 1140 4184 τὰς
1161 4107 1214 4184 σός
1234 4110 1392 4187 ἐπιστολάς.

290 4195 341 4260 ἀπ’
365 4197 490 4276 ἐμαυτοῦ
510 4185 607 4274 ἦλθον
627 4193 756 4256 ἐνταῦθα
774 4187 962 4274 προεγνωκὼς
981 4197 1085 4256 ταῦτα·
1108 4190 1144 4258 οό
1165 4191 1220 4277 yolo
1240 4192 1393 4278 γράμματα

289 4276 369 4363 παρὰ
389 4285 443 4342 σοῦ
469 4273 615 4357 ἐδεξάμην.
666 4274 801 4336 Codicum
824 4295 959 4346 nurnero,
991 4276 1095 4349 eredo,
1124 4280 1220 4361 territi
1246 4281 1391 4339 nouissimi

290 4363 414 4422 editores
435 4372 603 4440 receperunt
623 4353 676 4432 σὰς
696 4355 747 4437 μὲν
768 4353 804 4418 οό
825 4357 916 4436 σε’βων
940 4356 1095 4433 ἐπιστολάς.
1144 4360 1178 4420 ld
1200 4360 1310 4442 quidem
1333 4385 1389 4422 non

291 4455 383 4524 potest
404 4445 563 4520 significare
585 4441 659 4520 quod
681 4443 819 4500 Matthiae
841 4441 909 4513 vult,
933 4446 1000 4503 aeui
1016 4463 1072 4505 non
1094 4464 1148 4522 quo
1169 4447 1311 4506 mandatis
1333 4451 1391 4506 tuis

290 4539 319 4588 el
348 4525 594 4587 adhortationibus
620 4527 800 4604 obsequerer.
852 4523 999 4603 Pflugtius
1028 4530 1194 4586 senteutiam
1224 4529 1267 4586 his
1293 4530 1387 4588 uerbis
