3006 4952
672 383 674 386 ,
794 323 819 375 X

249 495 376 594 giaeis,
400 491 488 591 quod
516 493 648 564 unicum
674 497 725 564 est
745 489 843 561 huius
871 485 922 560 rei
941 486 1130 584 exemplum
1152 487 1189 559 in
1211 487 1255 559 iis
1278 510 1360 584 quas

213 699 219 713 ,
248 615 406 686 habemus
426 608 628 706 tragoediis,
655 614 689 682 et
711 607 853 678 lortasse
875 629 993 677 norum
1017 604 1097 701 quid
1122 605 1196 677 ausi
1222 612 1360 701 poetae:

250 728 327 802 dein
352 726 446 800 chori
472 749 619 856 carmen,
644 723 833 796 miserantis
855 720 1072 793 intortunium
1092 720 1359 796 Andromachae.

329 893 441 966 Tum
462 852 607 992 prodit
597 919 631 965 un
655 916 787 966 scenam
813 855 1017 980 Hermiona,
1049 913 1130 960 auro
1157 891 1359 989 gemmisque

250 1021 284 1086 et
302 1011 457 1110 pretiosis
476 1011 624 1109 vestibus
639 1009 830 1108 splendens,
857 1033 940 1105 quae
956 1031 992 1080 se
1007 1005 1134 1104 ingenti
1157 1007 1244 1081 fastu
1267 1010 1359 1082 lero·
1422 1085 1427 1092 ,

249 1127 448 1224 cissimaque
485 1105 642 1223 snperbia
678 1129 819 1199 ellerens
857 1123 1046 1222 opprobriis
1075 1130 1109 1195 et
1150 1127 1360 1200 contumeliis
1475 1139 1478 1156 ¹

250 1251 367 1318 onerat
383 1241 664 1336 Andromacham,
690 1242 837 1338 graviter
861 1251 895 1314 et
917 1241 1073 1314 decenter
1093 1244 1358 1340 respondentem,

117 1447 120 1458 ι
249 1363 347 1460 eique
369 1368 492 1433 certam
516 1367 653 1432 mortem
674 1360 830 1451 minatur,
857 1359 979 1432 hahere
999 1382 1036 1430 se
1055 1357 1267 1454 significans,
1294 1387 1358 1458 quo

145 1547 183 1555 ,Α
250 1505 323 1554 eam
346 1467 667 1576 relinquere‘lannm
697 1476 778 1549 deae
806 1485 916 1573 cogat.
966 1475 1085 1574 ,Huius
1111 1477 1260 1550 mulieris
1291 1487 1358 1551 tam
1431 1521 1432 1526 =

249 1596 372 1672 stolida
403 1604 454 1668 est
475 1594 632 1684 iactatio,
658 1601 724 1665 tam
745 1593 897 1666 immanis
921 1595 1078 1687 saevitia,
1102 1603 1168 1667 tam
1186 1596 1358 1694 impudens

249 1712 439 1812 turpitudo,
465 1719 501 1782 ut
525 1711 596 1783 eins
614 1711 670 1805 in
652 1710 781 1782 renium
801 1735 973 1807 moresque
996 1736 1091 1786 uemo
1111 1737 1177 1784 uon
1201 1713 1359 1786 detestari

250 1833 368 1906 debeat
391 1826 638 1922 abominarique
662 1826 964 1902 vehementissime.-
1008 1827 1183 1902 Credor
1142 1853 1183 1924 eg
1184 1854 1204 1901 o
1227 1830 1358 1948 quidem

248 1950 333 2022 haec
351 1946 516 2044 placuisse
537 1943 812 2040 Atheniensibus,
837 1968 948 2016 uerum
971 1945 1048 2017 odio
1070 1902 1358 2020 Lacedaemonio

249 2091 342 2156 rum,
374 2087 441 2136 non
452 2060 551 2158 quod
582 2061 669 2132 hane
694 2060 791 2132 ualde
818 2060 949 2157 dignam
979 2063 1152 2159 tragoedia
1183 2087 1357 2162 personam

250 2207 323 2256 esse
350 2185 517 2276 putarent.
576 2175 782 2274 Quamquam
810 2177 860 2251 ris
893 2188 983 2254 certe
1017 2179 1176 2279 quaedam
1200 2188 1233 2254 et
1256 2181 1361 2301 rohur

251 2299 287 2371 in
312 2297 379 2370 ista
402 2294 576 2367 atrocitate
595 2299 658 2390 est.
1359 2313 1365 2324 ι
1395 2299 1397 2304 ·

254 2453 261 2492 ⁵
349 2462 459 2535 Plane
476 2485 554 2535 vero
576 2458 709 2532 loedum
727 2469 778 2532 est
798 2466 832 2534 et
847 2463 1120 2542 contemnendum
1138 2429 1287 2536 Menelai
1306 2462 1359 2534 in,-

249 2581 395 2678 geoium,
421 2579 492 2677 qui,
517 2585 690 2676 postquam
716 2575 867 2672 digressa
889 2577 1073 2653 Hermiona
1090 2581 1212 2655 chorus
1234 2580 1360 2654 malae

161 2779 166 2786 ¹
248 2697 385 2770 Paridis
406 2693 530 2766 iudicio
556 2701 631 2766 orta
658 2693 799 2785 cecinit,
830 2694 866 2765 in
892 2721 1025 2770 scenam
1046 2698 1198 2795 procedit
1220 2723 1360 2795 puerum

249 2839 361 2888 seeum
397 2810 563 2884 adducens
592 2810 858 2886 Andromachae.
925 2812 961 2886 Is
998 2815 1210 2912 tranquillior
1248 2814 1358 2886 animo

249 2957 347 3031 quam
366 2930 450 3022 lilia,
471 2928 529 3002 sed
556 2923 620 3026 par
641 2927 846 3026 impudentia
867 2937 924 3002 aut
946 2934 1077 3028 turpior
1093 2933 1212 3024 etiam,
1247 2931 1359 3028 optio·

248 3075 323 3122 nem
344 3049 401 3120 dat
415 3044 687 3136 Andromachae,
714 3054 822 3143 utrum
848 3071 925 3120 sese
945 3048 1126 3120 necandam
1145 3047 1290 3139 tradere,
1315 3071 1358 3118 an
1439 3089 1443 3102 =

139 3233 141 3238 .
248 3164 393 3238 interfici
407 3163 513 3234 filium
529 3163 621 3235 velit.
664 3159 729 3232 Cui
744 3162 805 3232 illa
821 3186 860 3234 eo
879 3188 943 3261 quo
961 3163 1080 3260 dignus
1098 3171 1149 3237 est
1169 3172 1360 3260 contemptu

248 3280 445 3390 respondet,
480 3288 578 3376 atque
612 3277 669 3349 uhi
696 3276 787 3351 ridet
815 3304 881 3351 non
911 3280 1070 3356 dimoveri
1097 3283 1191 3354 illum
1223 3282 1265 3352 oh
1294 3281 1361 3352 ista

249 3382 460 3488 conditione,
495 3403 675 3493 conquesta
701 3395 924 3468 tristissimam
957 3409 1080 3475 sortem
1111 3424 1231 3496 suam,
1263 3396 1365 3496 pueri

249 3512 402 3586 seruandi
427 3536 545 3586 caussa
572 3509 732 3606 relinquit
760 3508 920 3588 sacellum
944 3538 1044 3613 seque
1075 3517 1167 3590 dedit
1187 3515 1361 3588 Menelao.

248 3628 303 3701 Ihi
322 3628 401 3701 ille
406 3653 474 3700 non
498 3626 652 3699 solum
621 3626 740 3699 unoiri
760 3651 833 3700 earn
851 3629 964 3724 iohet,
990 3634 1047 3748 sed
1072 3635 1170 3708 etiam
1193 3632 1233 3706 de
1253 3635 1359 3728 pucro

249 3742 415 3818 statuendi
436 3744 607 3816 arbitrium
628 3743 845 3839 Hermionae,
871 3757 980 3822 utrum
1005 3751 1115 3824 virere
1138 3775 1211 3824 eum
1233 3774 1275 3820 an
1295 3775 1361 3822 ne·

249 3861 321 3934 cari
347 3861 447 3952 uelit,
482 3885 518 3934 se
543 3860 624 3934 dicit
646 3861 847 3960 relinquere,
878 3866 1114 3966 deceptamqoe
1147 3893 1183 3940 su
1208 3867 1360 3963 querenti

248 3976 503 4051 Andromachae
523 3976 691 4050 fallaciam
714 3979 889 4054 confitetur
908 3985 1203 4083 impudentissime.
1260 3982 1379 4056 Unde'

248 4094 309 4165 illa
335 4093 422 4165 hane
445 4094 682 4194 turpitudinem
712 4096 857 4170 hominis
883 4101 996 4198 ignaui
1023 4101 1237 4176 acerbissima
1262 4108 1296 4174 et
1322 4124 1361 4173 se

249 4210 443 4309 dignissima
465 4212 614 4286 oratioue
634 4213 816 4310 exagitat'

215 4431 227 4446 .
349 4380 433 4476 Abit
458 4387 526 4456 tum
549 4380 590 4466 de
605 4351 706 4455 scena
720 4379 912 4479 Menelaus,
935 4411 1030 4495 quem
1054 4391 1236 4482 sequuntur
1256 4384 1363 4458 mini-
