3020 4946
800 359 876 436 tot

281 537 414 641 καίπερ
434 535 616 636 πεσούσης
640 537 843 626 Παλλάδος
868 543 1077 644 προθυμίᾳ.

282 665 322 743 σὲ
348 666 409 755 δ’,
436 665 488 750 ὥς
512 663 562 742 ἂν
586 664 686 762 είιίῇς
702 672 768 762 τῆς
792 668 881 762 ἐμῆς
905 665 1014 762 εὐνῆς
1029 664 1165 768 χοίριν,

279 798 410 868 κακῶν
434 787 675 876 ἀπαλλάξασα
699 796 778 866 τῶν
801 790 1034 889 βροτησίαν,

281 911 480 992 ἀθάνατον
505 910 675 1014 &notzer
700 943 740 992 τε
763 913 906 1011 ποιήσω
931 912 1044 1006 θεόν,

109 1093 111 1098 -
189 1047 271 1112 122⁵
280 1038 354 1115 θεοὶ
379 1045 527 1142 γεγῶσα
551 1036 617 1114 καὶ
640 1041 734 1115 θεοῦ
758 1039 899 1140 πατρὸς
920 1042 1036 1126 τέκος.

280 1166 438 1240 κᾶπειτα
458 1162 610 1261 Νηρέως
634 1165 675 1239 ἐν
701 1161 833 1261 δόμοις
857 1168 951 1263 ἐμοῦ
974 1168 1069 1262 μέτα

279 1287 323 1365 τὸ
348 1285 477 1363 λοιπὸν
500 1286 571 1385 ἤδη
594 1286 683 1371 θεὸς
708 1286 937 1384 συνοικήσεις
961 1292 1062 1389 θεῷ·

280 1416 393 1490 ἔνθεν
417 1409 581 1509 κομίζων
603 1410 784 1511 ξηρὸνέκ
806 1410 948 1490 πόντου
973 1410 1093 1506 tiocia,

278 1537 357 1614 τὸν
372 1535 554 1638 φίλτατον
579 1535 637 1611 σοὶ
660 1535 767 1612 παῖδ’
796 1535 879 1631 ἐμοί
903 1537 941 1610 τ’
963 1535 1124 1634 Ἀχιλλέα

189 1679 272 1746 123⁰
280 1664 366 1764 ὄψει
390 1657 533 1760 δόμους
553 1658 709 1738 ναίοντα
734 1658 978 1756 νησιωτικούς

280 2017 408 2100 quidem,
442 2015 492 2076 sed
520 2015 641 2076 debebat
668 2015 789 2090 addere,
821 2018 867 2078 hic
899 2018 984 2076 etiam
1006 2019 1163 2080 sententiae
1185 2039 1284 2080 caussa
1298 2040 1390 2100 ‹prae-

280 2114 356 2160 starc
382 2095 534 2178 τᾶκείνης,
564 2101 630 2178 quia
659 2121 715 2158 non
740 2112 797 2159 tam
818 2101 934 2159 Troiam
954 2103 982 2158 in
1004 2103 1093 2160 ruinis
1117 2103 1271 2175 iacentem,
1303 2123 1388 2182 quam

235 2263 245 2272 .
279 2205 329 2244 eos
352 2185 400 2263 qui
423 2181 535 2241 oriundi
555 2183 644 2242 Troia
666 2195 747 2256 sunt,
773 2182 813 2242 dii
835 2203 936 2242 curare
959 2183 1102 2243 dicnnmr.

362 2291 456 2353 1221.
499 2289 585 2348 Laoc.
613 2288 682 2348 Aid.
707 2291 771 2350 reii.
797 2289 877 2352 Flor.
894 2291 926 2352 2.
951 2290 1048 2350 (iucif.
1072 2289 1142 2350 Par.
1164 2289 1203 2352 E.
1224 2292 1386 2378 προμηθίᾳ.

279 2372 349 2432 Par.
372 2371 412 2431 A.
438 2371 475 2431 B.
499 2372 580 2431 Flor.
603 2370 715 2435 Α.10.
736 2375 786 2436 15.
807 2373 904 2431 Havn.
927 2373 1089 2458 προθυμίη.

364 2479 456 2544 1222.
501 2478 534 2537 ln
556 2478 635 2538 iibris
657 2480 687 2539 hi
706 2499 805 2542 versus
828 2480 882 2538 hoc
905 2477 1004 2538 ordine
1026 2481 1124 2559 scripti
1146 2491 1226 2540 sunt:

446 2581 478 2645 σὲ
499 2579 540 2659 δ’,
562 2579 602 2656 ὥς
622 2579 659 2645 civ
681 2584 761 2668 εἰδῇς
780 2590 833 2663 τῆς
854 2583 925 2663 ἐμοῖς
945 2580 1033 2665 εὐνῆς
1051 2579 1144 2669 χίίριν,

443 2662 503 2728 θεὰ
522 2671 634 2748 γεγῶσα
654 2665 704 2728 καί
724 2671 800 2728 θεοῦ
820 2665 930 2748 πατρὸς
949 2665 1040 2744 τέκος,

445 2753 545 2810 κακῶν
563 2743 748 2822 ἀπαλλάξασα
766 2753 826 2811 τῶν
845 2750 1017 2832 βροτησίαν,

443 2826 596 2896 &novom
618 2825 750 2909 ίίφθιτόν
769 2853 800 2894 τε
819 2827 934 2912 ποιήσω
954 2829 1044 2926 θεόν.

276 2938 325 3001 Ad
348 2958 446 2999 eornm
467 2939 621 3000 secundom
643 2940 826 3002 scholiastes:
852 2937 885 3002 ἐν
902 2944 1103 3012 commotior}
1122 2943 1181 3002 τῶν
1202 2935 1386 3022 ἀντιγράφων

278 3019 331 3102 οὐχ
353 3019 503 3103 εὕρηταιὸ
522 3024 623 3102 στίχος.
665 3023 711 3083 Αο
727 3041 795 3081 sane
813 3042 869 3081 non
886 3021 969 3081 modo
987 3044 1042 3082 non
1059 3021 1237 3082 desideratur
1252 3026 1382 3096 omissus,

164 3159 169 3164 .
279 3105 330 3166 sed
351 3107 436 3165 etiam
460 3107 635 3186 importunus
653 3117 714 3178 est,
739 3117 769 3164 et
784 3106 857 3164 maie
878 3107 1057 3183 interrumpit
1076 3106 1243 3164 orationem.
1289 3106 1384 3180 Quare

278 3211 335 3250 non
355 3187 490 3261 mirabor,
515 3190 540 3248 si
558 3208 656 3248 eorum
679 3189 781 3267 aiiquis
805 3189 980 3258 criticorum,
1006 3190 1055 3267 qui
1077 3188 1147 3247 nihii
1168 3189 1246 3268 prins
1267 3189 1381 3262 habent,

278 3292 361 3351 quam
392 3271 496 3329 eiicere
518 3270 655 3351 quidquid
675 3272 720 3330 vei
742 3268 873 3348 displicet
892 3271 936 3331 vei
960 3269 1109 3328 obscurum
1132 3282 1190 3343 est,
1225 3270 1301 3330 hunc
1321 3292 1384 3331 vcr-

277 3375 339 3414 som
360 3363 393 3412 ut
412 3353 447 3412 ab
464 3353 559 3434 aliquo
574 3354 778 3433 interpolatore
794 3354 951 3432 profectum
969 3351 1150 3412 damnabunt.
1190 3352 1255 3431 Ego
1272 3352 1382 3433 quidem

276 3438 318 3496 'sie
338 3436 453 3496 indico:
483 3457 568 3516 quum
590 3437 694 3497 veteris
717 3435 827 3495 scribae
848 3455 946 3494 errore
967 3437 1087 3494 omissus
1108 3447 1185 3495 esset
1206 3437 1252 3494 hic
1272 3455 1380 3510 versus,

276 3522 402 3580 caruisse
432 3539 466 3578 co
497 3519 600 3592 libros,
638 3521 686 3598 qni
715 3538 751 3577 cx
781 3519 836 3576 isto
866 3517 965 3579 codice
993 3516 1071 3577 ducti
1094 3529 1178 3591 sunt3
1209 3537 1246 3578 ex
1268 3519 1383 3578 meliore

276 3596 378 3661 deindo
408 3603 480 3660 iibro
502 3621 587 3681 qnum
610 3605 638 3661 in
662 3604 788 3679 margine
810 3599 921 3660 additus
942 3612 1036 3673 osset,
1065 3621 1121 3660 non
1143 3603 1257 3660 essein
1279 3619 1313 3661 eo
1335 3623 1382 3661 co-

276 3685 356 3757 dice,
389 3685 437 3763 qui
458 3695 618 3742 nostrornm
643 3687 707 3744 fons
728 3694 773 3743 est
794 3683 949 3755 librorum,
973 3703 1008 3743 eo
1031 3703 1086 3762 qno
1107 3681 1229 3744 debebat
1250 3685 1312 3744 ioco
1330 3706 1383 3764 po-

276 3773 372 3828 situm.
416 3765 492 3826 Nam
514 3786 582 3826 suae
604 3766 665 3826 sedi
685 3765 829 3839 redditus,
853 3779 885 3826 nt
905 3778 1021 3845 quartus
1041 3768 1080 3826 sit
1100 3767 1217 3826 istorum
1239 3787 1379 3841 versuum,

277 3854 333 3910 iam
363 3869 416 3909 nec
445 3849 541 3908 turbat
566 3852 784 3910 concinnitatem
816 3861 845 3909 et
872 3861 917 3909 est
945 3851 1124 3929 aptissimus,
1157 3870 1191 3910 ao
1214 3863 1330 3930 propter
1348 3871 1382 3910 ca

278 3953 350 4014 qnae
372 3943 527 4012 sequuntur
550 3953 621 4011 pene
646 3935 834 3994 necessarius.
870 3933 986 3995 Habent
1001 3943 1094 3993 antem
1110 3932 1179 3991 Par.
1198 3932 1236 3991 E.
1255 3934 1335 3994 Flor.
1348 3936 1379 3998 2.

278 4017 375 4076 Guelt.
396 4013 466 4074 Aid.
485 4015 571 4075 Lnsc.
594 4010 688 4088 τόκος.
730 4016 800 4076 Par.
817 4015 857 4076 A.
878 4016 959 4076 Flor.
981 4014 1020 4074 A.
1040 4015 1091 4076 10.
1112 4017 1161 4078 15.
1180 4016 1276 4078 Havn.
1295 4015 1381 4089 τέκος.

287 4141 290 4148 ’
360 4119 454 4184 1227.
497 4119 566 4182 Par.
598 4120 637 4182 A.
669 4123 706 4182 B.
730 4122 809 4182 Fior.
832 4121 872 4181 A.
898 4121 1019 4186 1015.
1050 4119 1139 4180 Taur.
1165 4121 1261 4180 Gueii.
1286 4123 1379 4182 Ham.

278 4197 459 4283 συνοικήσεις
487 4208 554 4288 θεᾷ.
604 4204 690 4278 Laso.
720 4203 790 4270 Aid.
813 4205 894 4264 Fior.
914 4206 946 4266 2.
975 4199 1044 4263 Ριιτ.
1067 4202 1105 4262 E.
1129 4209 1201 4287 θεῷ.
1244 4204 1381 4264 Matthiae

279 4288 800 4430 ¹¹⁰³t¹11⁰.tt;¹;t⁰t¹ittsst'3⁰ti¹ti:-
821 4290 1093 4430 “iiiiii-t.
1116 4285 1381 4433 ittiitiijt

277 4389 389 4526 ίιίηιίιίι,
418 4449 554 4520 additor,
577 4447 636 4512 θεὰ
653 4413 781 4522 morior,
793 4390 863 4511 1,τίοι
881 4409 962 4524 θεός.
1005 4453 1060 4512 Hic
1081 4413 1143 4528 ipso
1165 4453 1220 4512 deo
1244 4413 1379 4531 loquitor:

279 4527 355 4604 Quid
377 4547 445 4587 voro
466 4531 608 4610 loquitur?
647 4528 741 4612 Ἔμοῦ
761 4532 831 4612 μέτα
852 4529 1032 4614 συνοικίσας
1052 4530 1138 4611 indi
1226 4613 1231 4618 η
1339 4609 1342 4612 ,
