2982 4948
97 3383 143 3453 f

30 3436 259 3622 ‚tf

801 245 915 388 66-

211 496 410 599 745χαίρει,
436 496 492 581 τίς
515 495 626 595 ὑμῶν
650 493 806 596 άιμιεαιι
822 489 971 568 αλαίων
995 490 1071 591 δρα

280 621 429 724 ιμαάσει.
468 625 573 697 θεῶν
595 619 669 726 γάρ
696 617 821 716 οὕνεχ’
839 618 1000 694 ,ἱππικοῦ
1024 617 1062 692 τ’
1088 617 1201 712 ὄχλου

279 757 425 827 πολλῶν
448 749 493 823 θ’
512 747 677 828 ,ὁπλιτῶν
702 745 867 848 ἄρχομεν
887 741 1021 820 Φθίαν
1046 738 1163 820 κάτα·

278 876 383 974 ἡμεῖς
409 873 450 950 δ’
477 873 531 949 δι’
558 869 778 971 δρθοί,.ιιοδ
803 870 991 974 γέμοντες,
1019 867 1070 952 ὥς
1094 867 1233 962 δοκεῖς,

281 1002 364 1077 ἀλλ’
381 1004 503 1111 ,είςιχο
527 993 671 1075 τοιόνδ’
699 993 811 1095 ἄνδρ’
836 993 1052 1093 ἀποβλέψας
1072 989 1211 1092 μόνον,

400 1119 601 1150 ’ω’δεν

186 1130 461 1226 ιῖδθτρόπαιον
483 1150 600 1198 αοτοο
627 1121 826 1220 στήσομαι,
858 1120 1022 1220 πρέσβος
1044 1146 1110 1218 περ
1136 1117 1204 1193 α’ίν.

281 1255 427 1324 πολλῶν
450 1247 547 1324 νίων
570 1245 654 1349 γάρ’
669 1233 743 1322 Ικάν
767 1245 889 1347 ’γέρων
913 1244 1076 1342 εὔψυχος
1101 1241 1125 1340 ᾗ

281 1371 479 1475 κρείσσων·
506 1372 543 1448 τί
567 1366 640 1476 γάρ
665 1369 724 1447 δεῖ
742 1369 864 1446 δειλὸν
889 1367 971 1445 ὅντ’
996 1368 1244 1466 ιδσωμαεείν,·

715 1559 755 1632 Χ
771 1556 803 1631 Ο
819 1555 899 1636 ΡΟ
914 1560 963 1628 Σ.

740 1679 926 1783 στροφή.
1002 1756 1005 1764 .

383 1806 407 1904 ἢ
431 1805 483 1906 μὴ
507 1801 705 1909 γενοίμαν,
728 1801 752 1900 ἢ
775 1802 947 1904 πατέρων
972 1801 1134 1904 άχαθῶν

387 1931 482 2028 ε’ίην,
506 1926 745 2024 πολοκεήτων
769 1959 808 2004 τε
834 1925 964 2026 δόμων
989 1925 1154 2023 μέτοχος.

385 2063 468 2134 ε’ίτι
492 2054 565 2160 γάρ
591 2050 725 2151 πάσχοι
749 2083 805 2138 τις
830 2031 1037 2153 ἀμήχανον,
1054 2051 1181 2132 ’ἀλκᾶς

385 2184 431 2258 οὐ
457 2178 590 2263 σπάνις
615 2179 830 2284 εὖχονίταις,
862 2187 866 2192 ’

384 2304 691 2409 κηρυσσομίνοισι
716 2306 757 2380 δ’
785 2306 852 2381 ἀπ’
879 2306 1027 2378 ἐσθλῶν
1051 2293 1240 2397 δωμάτων

384 2431 476 2533 τιμά
501 2430 565 2508 καὶ
588 2429 707 2516 κλέος·
734 2431 838 2506 οὔτοι

383 2558 542 2660 λείψανα
565 2566 644 2634 τῶν
668 2559 830 2660 άχαθῶν

366 2828 439 2892 745.
482 2827 568 2888 Lase.
591 2823 659 2883 Atd.
683 2821 747 2882 rell.
765 2819 835 2878 Par.
858 2817 895 2876 E.
919 2815 999 2874 Flor.
1017 2814 1049 2876 2.
1071 2812 1160 2871 Taur.
1184 2806 1280 2867 Gueii.
1303 2808 1389 2868 θεοῦ.

284 2914 353 2974 Par.
376 2910 416 2971 A.
440 2910 477 2971 B.
501 2912 580 2994 Flor.
603 2906 643 2966 A.
669 2906 764 2966 Havn.
793 2906 882 2964 θεῶν.

282 3089 285 3098 ‚
354 3012 440 3077 748.
483 3009 665 3088 Musgravius
687 3018 716 3066 et
736 3005 804 3064 Per.
827 2999 867 3062 A.
898 2995 983 3082 ἡμεῖς
1005 2991 1035 3058 δ’
1060 2990 1101 3058 δι’
1126 2989 1224 3075 ὀρθοί.
1274 2987 1390 3050 Castori

285 3098 350 3158 libri
371 3090 454 3174 ἡμεῖς
475 3093 507 3156 δέ
526 3089 554 3155 τ’
580 3087 677 3172 ὀρθοί.
779 3083 781 3090 ’
1193 3073 1196 3080 “

365 3193 440 3258 750.
483 3191 569 3252 Lasc.
594 3188 662 3247 Par.
685 3187 723 3246 B.
745 3184 783 3244 Ε.
805 3178 953 3265 τρόπαιον.
995 3177 1065 3238 Ald.
1087 3179 1233 3258 τροπαῖον.

153 3344 160 3361 .
279 3317 280 3322 ’
365 3294 457 3356 751.-
482 3289 551 3348 uton
573 3286 742 3346 adnotarunt
762 3287 930 3364 interpretes
951 3281 1004 3339 hos
1026 3278 1096 3337 dnos
1117 3295 1215 3335 versus
1237 3272 1294 3351 logi
1314 3268 1389 3371 apud

286 3377 439 3438 Stobaounn
455 3374 505 3433 Ll.
524 3374 573 3435 13.
619 3367 761 3429 Coniioiat
781 3371 843 3448 quis
864 3368 985 3425 fortasse
1006 3357 1062 3424 κάν
1081 3358 1173 3443 γέρων
1194 3351 1322 3435 εὔψυχος
1336 3348 1386 3414 ὧν.

288 3461 347 3520 Sed
368 3460 452 3519 etiam
474 3455 549 3537 apud
562 3455 723 3514 *Stobuouur
744 3465 789 3512 est
806 3441 836 3537 ᾖ.
886 3449 970 3509 Dixit
991 3449 1076 3507 ελίαοι
1096 3448 1125 3504 π’
1138 3461 1226 3502 senen
1246 3440 1391 3498 οπίωοειω

286 3555 333 3603 est
350 3545 402 3622 pro
423 3545 510 3602 otium
528 3560 618 3599 senen
638 3541 667 3596 si
685 3539 828 3596 antinoum
848 3543 901 3593 est.

368 3642 442 3702 755.
485 3638 570 3697 Laso.
593 3635 663 3695 Aid.
695 3635 759 3694 rell.
788 3631 817 3695 εί
841 3653 869 3693 τι
893 3625 947 3714 γάρ
974 3623 1012 3690 άν
1041 3620 1145 3702 πάσχοι
1170 3642 1213 3691 τις
1233 3610 1388 3696 ἀμήχανον.

287 3723 368 3782 Flor.
390 3721 430 3780 A.
455 3731 484 3780 et
503 3720 572 3779 Par.
597 3717 633 3777 B.
658 3737 675 3777 a
696 3720 786 3798 prima
807 3735 890 3775 manu
912 3713 967 3777 εἰσὶ
987 3731 1039 3791 pro
1060 3707 1088 3768 εἴ
1105 3727 1150 3775 τι,
1181 3700 1255 3760 unde
1277 3697 1388 3758 foedam

288 3808 455 3886 scripturam
476 3803 648 3882 excogitavit
668 3813 752 3885 utque
774 3803 802 3860 in
824 3819 901 3859 suant
919 3797 1069 3856 editionem
1084 3787 1192 3865 recepit
1207 3783 1385 3861 Lentingius.

288 3891 368 3950 Flor.
390 3888 429 3948 A.
455 3888 505 3951 10.
530 3890 580 3949 15.
612 3881 714 3970 πάσχῃ.
764 3873 843 3946 Eine
869 3876 923 3965 γὰρ
953 3875 989 3941 ἂν
1016 3869 1112 3955 πάσχῃ
1137 3891 1182 3940 τις
1210 3864 1387 3926 scribendum

289 3974 464 4034 oonieoerann
481 3974 510 4030 in
526 3970 594 4032 diss.
618 3969 652 4030 do
674 3965 710 4030 ἂν
730 3967 869 4048 particula
889 3985 917 4043 p.
941 3961 1011 4024 172.
1055 3952 1114 4014 Sed
1135 3952 1246 4011 feoitius
1263 3950 1300 4009 G.
1314 3948 1389 4008 Din-

290 4057 395 4117 dorinus
416 4059 444 4115 in
466 4056 640 4134 praefatione
656 4052 807 4113 Poetarum
830 4048 1005 4108 scenicorum
1026 4060 1055 4118 p.
1079 4039 1132 4101 27.
1156 4055 1217 4115 seq.
1243 4033 1272 4096 εί
1287 4055 1314 4094 τι
1334 4025 1388 4114 γάρ

288 4138 393 4220 πάσχοι
412 4140 456 4200 voi
477 4135 580 4200 πάθοι.
1233 4201 1235 4208 y

372 4242 445 4301 757.
489 4237 570 4296 Libri
585 4254 681 4294 omnes
702 4244 732 4292 ot
752 4232 917 4290 scholiastes
938 4218 1169 4304 κηρυσσομένων,
1191 4226 1303 4296 praeter
1317 4213 1385 4272 Pur.
1430 4259 1435 4270 .

291 4319 330 4379 A.
363 4323 391 4378 in
413 4341 469 4399 quo
491 4331 535 4379 est
552 4314 785 4400 κηροσσομίνοις.
829 4307 1076 4392 Κηρυοσομίνοισι
1095 4304 1141 4363 Ι..-
1154 4299 1331 4360 Dindoufius.

373 4420 446 4480 758.
488 4417 696 4479 Valckenarius
725 4417 754 4474 in
781 4411 865 4472 diutr.
898 4409 932 4470 de
962 4410 998 4469 ir.
1021 4406 1094 4466 Eur.
1125 4425 1154 4483 p.
1176 4400 1250 4464 203.
1281 4396 1388 4457 subiate

291 4500 515 4577 interpunctione
530 4573 534 4584 ³
552 4510 616 4582 post
643 4496 724 4572 πλέος
751 4493 930 4558 scribendum
960 4491 1093 4573 censebat
1118 4479 1205 4566 τιμὰν
1231 4480 1282 4546 παὶ
1308 4478 1389 4554 κλέος
