3006 4952
688 300 734 370 19

152 479 279 578 καιρὸς
305 478 514 578 ἀτυζομένα
543 481 657 578 δέμας
682 481 840 558 αὶκέλιον
864 487 1094 582 καταλιίβειν

255 604 446 681 δεσποτῶν
472 605 672 709 οἷνοίγκαιςς

253 729 295 803 τὸ
319 739 483 830 κρατοῦν
504 732 549 807 ‹ln'
571 733 607 806 α’
633 736 756 830 ἔσεισι.
783 734 820 808 τί
839 731 991 831 μόχθον

252 853 362 930 obtin
388 853 483 930 οὖσα
509 861 663 953 μοχθεῖς
670 890 686 950 ,·

574 1041 749 1141 στροφὴ
775 1043 831 1140 β’·

149 1176 230 1249 ἀλλ’
258 1179 317 1249 ἴθι
342 1184 438 1253 λεῖπε
464 1183 557 1264 θεοῖς
578 1183 764 1283 Νηρηΐδος
789 1183 929 1286 ἀγλαὸν
955 1183 1081 1283 ἕδραν,
1265 1193 1324 1256 135

247 1306 372 1404 γνῶθι
397 1305 437 1380 ‹l'
463 1305 549 1382 οῦσ’
576 1308 635 1383 ἐπὶ
664 1308 768 1392 ξένας
831 1289 835 1298 ¹

249 1426 386 1525 ῦμαῶς,
413 1433 470 1506 ἐπ’
498 1411 690 1533 ῦῦλοτρίας

247 1554 393 1650 πόλεος,
419 1559 504 1632 ἔνθ’
532 1559 576 1632 οῦ
602 1556 723 1656 φίλων
747 1552 821 1630 τίν’
850 1562 986 1656 εῑςορᾷς

246 1687 323 1754 τῶν
350 1688 445 1774 σῶν,
471 1679 501 1755 oi
528 1678 814 1778 clv9rvxsocolca',

246 1801 278 1878 ῶ
306 1803 537 1883 παντάλαινα
563 1805 707 1908 νύμφα.

145 2023 421 2038 muman-u·

146 2153 215 2214 Vid.
239 2155 365 2214 Loheck.
390 2156 425 2214 ad
441 2155 617 2234 Aiac.s401.
649 2154 762 2214 Deinde
778 2154 846 2213 Par.
865 2154 902 2212 Ε.
920 2153 948 2214 τί
962 2168 1018 2226 σοι,
1041 2163 1072 2210 nt
1087 2153 1252 2214 scholiastes

146 2238 174 2294 in
196 2236 265 2296 Par.
295 2238 331 2296 B.
356 2239 440 2308 citat,
471 2250 501 2297 et
526 2237 685 2298 emendavit
705 2239 876 2298 Brunchius.
922 2235 1035 2296 Caeteri
1057 2235 1123 2294 libri
1142 2237 1186 2310 τίς
1207 2255 1253 2298 σοι

147 2339 209 2378 cum
231 2318 316 2378 Lase.
340 2332 370 2378 et
389 2319 458 2380 Ald.

228 2428 300 2489 131
344 2426 424 2486 Libri
446 2424 593 2490 ἀεικέλιον.
636 2428 749 2488 Primus
771 2427 896 2490 αιίιέλιον
916 2425 1006 2485 edidit
1020 2426 1183 2486 Elmsleius.

228 2533 299 2596 133.
349 2533 417 2593 Par.
445 2535 480 2596 B.
512 2535 592 2595 Flor.
619 2535 657 2596 A.
682 2539 733 2599 10.
758 2539 808 2598 lb.
837 2535 924 2592 Taur.
952 2533 1048 2591 Guelf.
1080 2528 1112 2594 τὸ
1138 2527 1250 2614 κράτος.

145 2601 239 2690 Male,
264 2619 355 2697 inquit
375 2617 456 2698 Pllu
441 2621 532 2678 ⁰liius.
577 2617 654 2680 Cur?
690 2619 796 2680 Omnes
818 2617 850 2679 δέ
865 2635 896 2680 σε
917 2617 1015 2678 πείσει.
1056 2615 1173 2676 Mirerls
1195 2619 1251 2676 cri-

145 2699 263 2759 ticorum
286 2713 369 2801 atque
391 2703 573 2782 interpretum
594 2706 811 2802 negligentiam,
841 2703 888 2781 qui
910 2720 962 2760 nee
986 2720 1165 2760 numerorum
1186 2721 1251 2799 pra-

144 2783 229 2842 vitate
247 2787 355 2856 moniti,
380 2806 431 2844 nec
449 2789 600 2845 scholiasta
619 2790 745 2887 inspecto
762 2789 815 2844 hoc
832 2786 958 2844 tulerint.
1004 2782 1201 2843 scholiastes
1193 2795 1249 2844 uta:

143 2858 176 2926 τὸ
197 2862 300 2942 κράτος
324 2865 355 2926 δέ
376 2884 407 2927 σε
427 2865 554 2928 πείσει’
540 2869 603 2928 αντὶ
622 2875 675 2929 τοῦ
696 2865 891 2969 καταλήψεται
912 2863 944 2928 τὸ
965 2862 1084 2946 κράτος·
1112 2869 1176 2940 (sic,
1200 2867 1250 2925 ad-

145 2947 202 3006 dito
226 2949 362 3020 articulo,
394 2950 583 3023 scribendum)
614 2946 705 3012 διὸ
686 2946 835 3030 ακοχῶρει
883 2950 922 3007 Et
962 2951 1037 3006 aullo
1065 2958 1146 3026 post:
1177 2948 1251 3021 τινὲς

143 3026 287 3112 γράφουσι
313 3028 349 3094 τὸ
353 3039 545 3136 κρατοῦν
574 3032 615 3095 δέ
641 3049 679 3095 σε
704 3033 893 3108 πείσει,“
879 3027 917 3092 ια’
940 3056 975 3117 p,
1006 3029 1033 3092 εἰ
1059 3030 1109 3091 καὶ
1130 3029 1247 3109 ἐμοὶ’
1214 3055 1250 3093 ου

142 3114 247 3201 πείθῃ,
277 3112 455 3192 πεισάτωσόιν
483 3135 514 3180 σε
544 3118 575 3179 οἵ
603 3112 753 3180 δεσπόται·
784 3111 972 3195 δαςωτιήθητι
1000 3109 1033 3176 τὸ
1057 3109 1165 3216 &noph
1192 3121 1251 3178 τῶν

143 3199 296 3261 δεσποτῶν.
340 3189 423 3260 Hanc
445 3203 532 3279 igilur
553 3203 674 3280 ineptam
697 3201 881 3262 cuiusdamc
862 3200 1037 3279 grammatici
1059 3199 1250 3258 coniecturam·

143 3283 283 3359 patienter
310 3284 453 3355 tulerunt,
485 3285 533 3342 uhi
555 3286 809 3344 manifestissimum
832 3297 894 3343 erat
913 3294 1023 3362 poetam
1049 3283 1195 3360 scripsisse
1215 3279 1249 3344 τὸ

77 3433 79 3447 Ι
142 3368 268 3444 κρατοῦν
289 3362 368 3425 be'o'
393 3366 491 3428 ἔπεισι.

227 3473 300 3535 138.
347 3471 427 3532 Libri
458 3469 580 3549 πόλεως,
618 3473 778 3572 siduntque
802 3471 856 3528 hoc
881 3471 1046 3530 vocabulum
1070 3469 1253 3549 praecedenti

144 3546 247 3616 versui.
292 3554 334 3615 At
350 3576 441 3636 neque
457 3557 571 3635 elegans
587 3559 674 3617 estin
692 3555 894 3634 antistrophico
911 3556 1003 3614 brevis
1020 3554 1128 3634 syllaba
1145 3555 1247 3627 finalis,

142 3652 172 3699 et
199 3641 260 3698 veri
290 3641 380 3699 simile
410 3652 454 3699 est
475 3640 687 3719 praecedentem
709 3660 821 3702 versum
842 3643 1043 3739 πενθρμιμερῆ
1064 3658 1142 3711 esse,
1175 3638 1249 3698 hunc

142 3735 235 3782 autem
257 3743 291 3782 eo
309 3735 413 3797 mct1·‚o
439 3745 493 3804 quo
510 3745 537 3784 v.
559 3727 628 3786 121.
649 3727 719 3786 130.
765 3725 860 3798 Quare
881 3717 984 3795 πόλεος
1004 3725 1116 3801 scripsi,
1140 3721 1251 3780 addidi-

143 3826 197 3883 que
219 3808 284 3872 huic
306 3810 410 3866 versui.
454 3808 526 3867 Tum
548 3806 617 3866 Par.
641 3807 678 3867 E.
703 3807 784 3868 Vict.
807 3805 891 3865 Lasc.
917 3807 1011 3884 (pilon.

227 3915 297 3976 130.
341 3913 421 3974 Libri
443 3921 502 3978 οων
523 3940 547 3976 ω
534 3904 783 3994 δοςτυχεστῦτα,
805 3925 834 3973 et
856 3915 883 3972 in
905 3907 1159 3992 antistrophieo
1125 3935 1164 3990 μη
1180 3915 1250 3982 πῶς

143 3999 195 4065 τᾶς
210 3991 282 4069 Διὸς
302 3993 401 4079 κόρας,
423 4001 535 4070 insolito
552 4011 654 4068 metro,
678 3997 881 4076 clarissimeque
902 4002 962 4058 σῶν
986 3998 1014 4054 in
1030 3995 1169 4096 principio
1185 4011 1249 4052 ver-

144 4096 192 4136 sus
213 4081 314 4154 posito.
359 4081 455 4154 Quare
476 4085 522 4142 hie
543 4088 601 4147 τῶν
625 4087 698 4159 σοιν,
728 4083 757 4140 iu
773 4082 949 4160 antistropha
969 4091 1062 4140 autem
1079 4072 1118 4157 μὴ
1139 4082 1208 4148 ταῖς
1229 4069 1249 4138 οἳ

144 4164 196 4231 τᾶς
216 4157 342 4234 Λιος’
307 4187 397 4244 κορας
417 4168 528 4244 scripsi.
1307 4221 1308 4224 ,

228 4259 298 4322 140.
341 4262 410 4324 Ald.
434 4265 498 4323 rell.
522 4264 607 4326 Lassi
619 4264 699 4324 ..Par
723 4264 760 4324 E
780 4289 803 4325 ω
791 4253 998 4324 naucularum
1012 4257 1121 4340 νύμφα.
1157 4260 1245 4320 Taur.

129 4343 240 4420 *Guelh
272 4332 295 4402 ὦ
320 4342 438 4408 τάλαινα
461 4343 571 4451 νύμφα.
600 4348 729 4408 Caeteri
754 4344 837 4406 codd.
861 4347 1013 4424 Lentingio
1042 4356 1113 4405 teste
1142 4339 1250 4406 ιιανιᾶ-

143 4419 349 4572 ριέιναΗνῦμφα
370 4431 429 4488 sine
451 4421 484 4506 ὦ,
506 4430 580 4509 quod
595 4431 735 4517 Matthiae
757 4431 888 4490 omissum
905 4430 997 4489 licit·
990 4451 1019 4488 m
1035 4428 1114 4488 Flor.
1138 4427 1177 4486 A.
1195 4427 1245 4491 10

250 4530 302 4569 avn

996 4612 1046 4676 2*
