2982 4948
824 303 874 379 96

397 482 518 560 οὐκέτι
543 512 608 579 μοι
632 484 754 587 γένος,
783 487 905 563 οὐκέτι
929 517 994 585 μοι
1020 491 1132 570 τείινα

397 607 531 684 λείπετ’
556 611 597 684 ἐν
620 612 744 693 οἴκοις.

395 732 428 809 α’)
453 732 615 829 σχέτλιος
638 734 795 812 παθέων
820 735 882 835 ἄρ’
909 732 1002 839 ἐμαί,
1029 737 1139 836 φίλον

395 864 445 942 τίς
469 857 554 933 τίνα
579 859 733 955 βάλλων
756 860 943 959 τίριμομαι
968 859 1108 965 αὖμσίς;

395 980 577 1082 αλ-φίλιον
602 979 723 1081 στόμα
746 983 810 1059 καὶ
834 985 924 1087 μένα
950 985 1013 1059 καὶ
1030 987 1153 1086 χέρες,

394 1110 473 1183 ι’ίθε
500 1107 537 1183 ‹t'
561 1107 635 1184 ὑπ’
652 1107 750 1209 ’Ἰλίῳ
775 1109 888 1206 ἤναρε
915 1107 1064 1208 δαίμων

395 1230 626 1330 Σιμοεντίιία
650 1234 743 1334 παρ’
771 1229 902 1309 denir.

292 1552 411 1634 eiicere
434 1551 474 1653 γ’
502 1549 551 1625 ἂν
578 1547 628 1631 ὥς
653 1550 694 1623 ἐκ
719 1549 839 1627 τῶνδ’
866 1550 1011 1648 ἐτιμᾶτ’
1038 1548 1105 1640 ἂν,
1132 1551 1261 1654 γέρον,

291 1671 447 1764 θανών,
473 1672 517 1748 τὰ
543 1671 611 1747 σὸν
636 1671 676 1747 d³
702 1670 751 1780 ἦν
775 1671 848 1749 dd'
875 1671 925 1750 ἂν
950 1675 1224 1776 εὐτυχέστερον.
1280 1683 1283 1688 ’

288 1852 572 1868 μ

295 1952 437 2013 Θεσσαλία
464 1960 579 2029 praeter
606 1948 687 2007 Fior.
714 1945 754 2007 A.
787 1948 815 2005 iu
845 1968 900 2027 quo
922 1960 966 2008 est
990 1948 1163 2026 Θεσσαλίας,
1193 1949 1268 2048 quod
1281 1956 1401 2033 recepi.

291 2034 367 2094 Nam
389 2036 443 2093 etsi
465 2033 576 2132 origine
595 2030 763 2091 adiectivnm
786 2041 830 2089 est
854 2031 1013 2108 Θεσσαλία,
1042 2043 1135 2092 tanuen
1158 2036 1197 2092 ite
1219 2036 1247 2092 iu
1269 2035 1404 2094 substen-

291 2120 379 2176 tivum
408 2119 512 2188 vertit,
545 2126 576 2174 ut
602 2115 714 2175 exuisse
743 2112 877 2174 adiectivi
905 2127 1033 2178 naturum
1062 2115 1202 2176 videntur.
1247 2115 1401 2178 Caeterum

291 2199 415 2259 Addet
443 2200 528 2258 Lnsc.
561 2200 631 2257 haec
660 2189 791 2256 verba
767 2221 791 2258 ω
809 2193 879 2259 πόλι
903 2198 1045 2262 Θεσσαλία
1073 2195 1249 2279 διολώλαμεν
1269 2213 1347 2261 reete
1370 2204 1401 2262 in

291 2303 376 2342 uuum
399 2303 510 2343 versum
533 2283 684 2340 coniuncta
705 2281 819 2339 hebent.

373 2381 466 2446 1146
510 2380 579 2441 Aid.
598 2379 684 2440 Lesc.
700 2391 904 2460 pentametrum
927 2379 1097 2461 dactylicum
1114 2381 1233 2441 hubent·
1258 2377 1401 2465 ᾠχόμεθ’,

291 2459 387 2532 οὖνέτι
408 2488 457 2545 μοι
477 2464 576 2548 γένος,
598 2459 693 2526 σιἰκίτι
714 2487 799 2542 μοιτ
783 2463 877 2526 τ.ἕκνα
919 2464 1001 2524 Flor.
1023 2462 1063 2522 A.
1082 2465 1171 2524 Teur.
1196 2443 1291 2524 Gucii.
1316 2469 1401 2526 omit-

290 2558 353 2607 tunt
376 2571 425 2626 μοι
440 2545 542 2623 τίννα,
564 2563 639 2644 quos
650 2557 785 2626 sequutus
801 2558 845 2606 est
849 2547 1039 2650 Lentingius.
1079 2547 1175 2606 Hevn.
1193 2542 1335 2611 οὐκίτιί
1305 2572 1320 2610 τ
1334 2575 1399 2612 κνα.

291 2629 475 2689 concinnitas
505 2631 641 2689 orationis
668 2639 764 2687 monet
784 2640 815 2686 ut
837 2624 964 2731 ᾠχόμεθ’
989 2631 1138 2700 eiiciutur‚
1170 2629 1245 2708 quod
1267 2634 1311 2692 vei
1333 2654 1402 2712 sup-

290 2713 461 2791 plementurn
490 2724 534 2771 est
561 2710 689 2782 metrici,
722 2712 769 2790 qui
799 2732 884 2789 quum
907 2702 931 2772 ὦ
951 2705 1035 2786 πόλι,
1066 2722 1097 2769 ut
1117 2711 1257 2773 Matthiae
1280 2717 1397 2796 aliique,

287 2796 384 2855 versui
408 2797 498 2859 1143.
523 2792 659 2866 adderet,
691 2793 790 2873 pedem
813 2793 912 2882 deesse
932 2795 1061 2874 sequenti
1082 2793 1211 2868 videret,
1226 2799 1319 2858 vei
1311 2811 1402 2858 inter·
1467 2829 1468 2874 p

146 2856 148 2861 .
263 2885 267 2891 “
289 2879 422 2958 pretatio.

372 2979 466 3044 1147.
510 2978 591 3039 Flor.
614 2975 653 3037 A.
672 2976 797 3039 λείπεται
820 2975 933 3039 ο.ίκσισι
976 2976 1403 3043 intereuntem
1467 2957 1468 2966 ί

289 3061 465 3206 οικοι1140.
509 3143 578 3203 Pur.
597 3141 636 3202 A.
658 3143 753 3202 Havu.
778 3166 802 3203 ω
789 3132 946 3222 σχέτλιος
966 3139 1088 3203 παθέων
1109 3137 1173 3224 tyn.
1215 3139 1300 3203 Lusc.
1325 3143 1399 3208 Aid.

288 3239 318 3287 et
338 3227 441 3305 reliqui
463 3215 571 3286 libri
547 3251 570 3287 ω
592 3224 702 3328 σχέτλια
722 3219 830 3287 cedde
841 3167 915 3308 χέγώ.
957 3224 1070 3284 Deinde
1091 3167 1160 3284 Aid.
1184 3227 1248 3286 reid.
1273 3227 1363 3300 εἰς’
1332 3253 1403 3290 τινα

288 3305 326 3390 δὴ
355 3310 442 3388 φίλον
470 3303 563 3391 αὐγὰς
588 3304 703 3388 βάλλων
730 3307 882 3390 τέρψομαι.
925 3307 1011 3368 Lasc.
1043 3307 1401 3388 οῑοοι1ι1.φίλων,ιιίεἰ

289 3392 364 3474 qued
386 3416 402 3454 ο
424 3394 453 3452 in
477 3392 546 3451 Par.
569 3391 609 3451 A
634 3395 886 3472 suprascriptum.
917 3391 1002 3452 Tum
1024 3390 1160 3451 Lnseet
1184 3392 1267 3452 codd.
1290 3391 1401 3472 βαλὼν.

287 3475 413 3536 Metrum
435 3475 578 3574 quidem'
571 3497 599 3534 ιιι
621 3477 665 3534 his
688 3475 822 3534 hahemus
844 3473 1031 3554 dactylicum,
1061 3474 1110 3534 sed
1132 3473 1249 3554 pedibus
1269 3478 1324 3535 aiio
1350 3499 1402 3538 or·

287 3559 354 3618 dine
383 3561 498 3637 positis,
531 3579 612 3639 quarn
644 3559 691 3636 qui
722 3558 750 3615 in
781 3559 957 3637 antistropha
986 3569 1040 3618 est.
1092 3557 1126 3618 ld
1147 3579 1203 3617 non
1225 3558 1338 3618 credam
1361 3563 1401 3622 ah
1433 3565 1435 3568 ’

286 3640 425 3744 Euripide
452 3643 493 3699 sic
523 3660 586 3700 esse
615 3640 788 3713 institutum,
819 3639 869 3699 sed
896 3641 1001 3700 facturn
1023 3641 1205 3713 auctricis,
1238 3662 1321 3746 quum
1345 3639 1399 3725 ἄρ’

287 3736 352 3784 aute
374 3718 430 3808 ἐγώ
451 3723 613 3783 excidisset.
645 3722 810 3825 Euripides
832 3725 873 3783 sic
893 3726 1039 3824 scripserit
1060 3743 1176 3784 necesse
1198 3736 1257 3784 est:
1288 3716 1312 3786 cd
1311 3727 1403 3825 σχέ-

284 3814 362 3883 τλιος
382 3749 544 3870 esseest
527 3831 562 3888 αρ
564 3800 668 3889 ’ίγῶ,
690 3807 777 3884 φίλον
796 3807 838 3880 είς
859 3805 923 3868 τίνα
944 3803 1058 3888 βάλλων
1078 3805 1221 3887 τέρψομαι
1244 3804 1355 3892 αὐγάς;

369 3909 461 3971 1153.
504 3904 574 3966 Ald.
599 3907 663 3966 reli.
687 3896 772 3980 οὗτος
792 3903 844 3984 μὲν
864 3929 919 3968 ονν
940 3905 973 3966 ἐκ
992 3901 1078 3968 τῶνδ’
1103 3901 1253 4008 ἐτιμᾶτ’
1234 3931 1281 3982 αν,
1301 3906 1402 4014 γέρον.

285 3990 370 4051 Lusc.
402 3991 482 4050 Flor.
514 3987 553 4048 A.
583 3991 631 4052 10.
663 3989 758 4049 Ηανιι.
781 3989 851 4048 Par.
875 3979 1081 4062 1).οὗτόςτ’
1110 3983 1148 4050 σίν
1175 3984 1215 4060 ὦς
1243 3988 1274 4050 ἐκ
1295 3989 1401 4056 τῶνδ’.

284 4075 356 4134 Item
378 4073 447 4133 Par
470 4072 508 4132 E.
534 4074 587 4132 nisi
610 4071 684 4176 quod
704 4071 735 4133 ἒν
754 4093 819 4176 pro
829 4071 861 4132 ἐκ
883 4072 985 4142 habet,
1015 4082 1045 4130 et
1064 4071 1133 4131 Pur.
1157 4070 1197 4130 A.
1222 4075 1269 4152 qui
1292 4070 1402 4148 οὕτως

283 4156 380 4260 Atque
400 4157 489 4216 Tuur.
514 4156 611 4258 Gpeif.
636 4151 775 4227 odensi
800 4179 837 4216 αν
857 4179 907 4216 και
897 4152 961 4215 tu
981 4151 1079 4216 τῶνδ’.
1122 4155 1309 4214 Scribendum
1325 4171 1403 4218 erat

284 4237 379 4313 eiicere
405 4236 447 4342 γ’
467 4235 503 4300 dv
532 4235 573 4310 νίς
601 4238 634 4306 ἐν
662 4233 760 4320 τῶνδ’.
810 4237 878 4296 Νοιι
901 4238 972 4296 bene
992 4237 1138 4298 Porsonus
1160 4239 1251 4317 praei.
1276 4239 1398 4302 Hecub.

285 4343 313 4400 p·
333 4325 385 4384 30.
410 4313 557 4403 οὗτόςγῖ

369 4419 460 4480 1154.
489 4413 633 4478 Libri
606 4441 638 4479 το
660 4413 713 4479 σὸν
735 4413 777 4480 d'.
819 4418 887 4477 Non
910 4429 987 4478 recte
1009 4419 1044 4478 L.
1068 4417 1235 4480 Dindortius
1257 4441 1321 4481 curn
1345 4443 1401 4484 eo-

285 4519 339 4580 que
360 4497 558 4576 Ptlngkins
529 4523 561 4564 το
584 4496 639 4562 σόν
658 4497 687 4562 τ’
711 4503 790 4564 etin
811 4502 998 4580 praecedente
1020 4521 1103 4564 versu
1125 4491 1271 4575 ededen'.
1377 4541 1388 4556 .
