2982 4948
745 339 794 412 56

216 505 330 604 κῆδος
355 510 531 614 ξυνάψαι,
557 513 648 614 μήτε
673 515 847 617 δι’όμασιν
872 524 1010 629 λαβεῖν

180 655 183 659 ·
217 642 334 730 κακῆς
351 640 529 741 γυναικὸς
552 649 696 719 πῶλον·
723 646 920 746 ἐκφέρουσι
944 649 1019 753 γὰρ

218 764 371 864 aaron?
398 765 534 863 ὀνείδη.
558 775 689 845 τοῦτο
714 771 779 846 καὶ
793 773 974 850 'onomius‘
987 802 1072 871 μοι,

149 900 212 967 (tlt)
218 896 440 990 μνηστῆρες,
466 894 601 987 ἐσθλῆς
625 896 807 998 θυγατέρ’
835 899 875 972 ἐκ
898 897 1211 1000 μητρδςλαβεῖν.
1333 912 1336 923 '

203 1009 311 1108 Ιπρός
334 1015 453 1099 τοῖςδε
480 1016 519 1093 δ’
546 1024 596 1103 εἰς
621 1019 787 1122 ἀδελφὸν
811 1022 865 1097 οἷ’
892 1021 1121 1125 ἐφόβρισας,

219 1134 360 1288 σφάξαι
384 1138 558 1227 κελεύσας
567 1146 770 1300 θυρατὲρ’.
791 1148 1046 1244 οὐρθὲστατας

219 1260 339 1348 οὕτως
363 1265 506 1353 ἔδεισας
528 1268 581 1366 μὴ
605 1270 651 1346 οὐ
676 1270 797 1367 κακὴν
817 1270 1026 1372 δόμαρτΗ
1012 1281 1107 1371 ε’χῃς.

219 1384 315 1464 troo
337 1387 379 1466 δε
409 1391 547 1493 Τροιαν
554 1394 669 1493 ,εἶμι
693 1396 783 1548 γὰρ
781 1395 996 1474 κάνταῦθά
1022 1422 1100 1488 σοι,

151 1512 338 1588 615οὗκ”
316 1544 464 1602 εκτανες
487 1525 649 1622 γυναῖκα
670 1521 831 1622 χειρόαν
822 1521 1066 1622 -tossnlrsffl
1216 1500 1220 1511 ι

221 1637 304 1713 ἀλλ’
327 1641 378 1727 ὥς
399 1642 528 1729 εςεῖδες
550 1643 717 1744 μαστόν,
743 1647 915 1747 ἐκβαλών
940 1647 1047 1748 ξίφος
1253 1635 1257 1645 ,
1364 1647 1368 1654 ’

221 1762 354 1865 φίλτρ’
378 1768 510 1860 ἐδέξω,
536 1769 714 1872 προδότιν
736 1770 924 1850 αῐκόλλων
948 1771 1065 1862 κύνα,

219 1891 347 1985 ἥσσων
372 1893 548 1996 πεφυκώς
570 1892 782 1994 Κύπριδος,
808 1894 841 1973 ὦ
864 1895 1016 1974 κάκιστε
1042 1894 1100 1974 σό.

222 2017 366 2093 κᾶπειτ’
393 2022 430 2105 ἐς
455 2025 578 2108 οἴκους
600 2028 679 2098 τῶν
704 2024 806 2120 ἐμῶν
832 2021 957 2099 ἐλθών
979 2022 1124 2100 τέκνων

153 2145 378 2243 62οπορθεῖς
400 2143 595 2241 ἀπόντων,
621 2146 687 2224 καὶ
709 2154 873 2251 γυναῖκα
897 2146 1060 2245 διιςτνχῆ

222 2264 374 2353 κτείνεις
400 2269 543 2410 ἀτόμοις
565 2267 684 2347 παῖδά
708 2275 779 2364 θ’,
805 2276 846 2359 ὃς
869 2268 1046 2352 κλαίοντά
1070 2296 1110 2350 σε
1130 2293 1133 2302 ’

220 2601 327 2766 ρόδοιν.
370 2581 610 2690 οσε11,ηόδουν.
653 2607 963 2675 Par.B.Flor.10.
989 2611 1041 2674 15.
1033 2597 1146 2749 ρῖδον.
1181 2607 1263 2668 Flor.
1289 2608 1346 2670 A.''

243 2689 316 2750 δαν·
344 2700 416 2750 teste
442 2692 605 2771 Lentingio.
658 2692 841 2771 Receperunt
875 2683 960 2766 δον,
998 2712 1053 2772 ιριο
1101 2689 1246 2768 vulgarius
1274 2703 1329 2765 est,

221 2771 422 2851 Musgravius‚
446 2774 625 2848 Branchus,
649 2774 828 2834 Gaislordins
838 2717 1039 2855 ‚l‘lluglsius‚
1061 2773 1242 2853 Lentingins.

303 2896 376 2962 007,
419 2897 506 2959 Lasc.
524 2897 594 2958 Ald.
612 2899 704 2978 κῆδος
724 2893 866 2978 συνάψαι,
886 2909 951 2958 etv
954 2899 1051 2962 ,635
1074 2899 1166 2978 κῆδος
1185 2893 1332 2978 σονόψας,

223 2998 308 3058 quum
336 2979 444 3042 Aldina
472 2983 541 3043 alibi
569 2983 585 3058 ξ
613 2994 678 3062 post
698 2999 717 3044 σ
736 2993 841 3064 ponat,
873 2980 958 3062 idque
979 2993 1074 3056 recte,
1111 2994 1143 3040 nt
1163 2983 1274 3042 facilius
1296 2981 1333 3041 ad

223 3066 464 3142 pronunciandum
495 3086 578 3146 quam
600 3064 656 3125 duo
678 3082 696 3128 σ
716 3077 864 3146 separata,
897 3067 951 3125 nisi
973 3067 1064 3125 maior
1087 3066 1163 3125 inter
1183 3078 1332 3146 utrumque

223 3166 311 3225 pansa
334 3161 393 3223 est,
419 3162 497 3210 utv.
521 3151 595 3214 820

305 3266 378 3328 613.
422 3266 508 3325 llunc
533 3285 645 3326 versum
673 3265 883 3328 Valckenarius
912 3263 986 3346 apud
1008 3264 1189 3344 Lentingium
1215 3286 1333 3347 prorsus

224 3346 254 3405 in
276 3347 396 3410 alienant
418 3347 514 3409 sedem
536 3351 673 3428 migrasse
694 3350 830 3452 putabat,
868 3359 899 3408 et
921 3347 1061 3452 quamvis
1072 3350 1140 3432 poni
1160 3347 1250 3430 possit
1269 3362 1334 3433 post

224 3449 336 3492 versum
358 3436 431 3497 617.
456 3429 561 3513 φοημ’
588 3431 683 3511 ἐδέξαο,
703 3429 871 3535 προδότιν
860 3427 1061 3496 αἰνόλλοιν’
1023 3457 1108 3509 novo,
1137 3444 1230 3493 tamen
1247 3434 1334 3493 male-

222 3513 273 3572 bat
301 3517 436 3577 collocari
456 3528 568 3598 postv.
594 3519 666 3580 503,
688 3511 833 3594 Ἑλλήνων
853 3510 938 3594 όχλον
958 3510 1079 3578 τοσόνδ’
1099 3511 1283 3597 ἆθροίσας”
1262 3540 1334 3598 ηρα-
1425 3579 1427 3586 ,

223 3618 272 3678 yse
292 3594 367 3680 πρός
377 3595 476 3662 ”.Ιλιον
518 3599 586 3659 Νοσ
608 3619 678 3678 opus
699 3599 823 3658 arbitror
844 3598 898 3658 hoc
919 3599 1063 3672 refutare,
1087 3619 1171 3678 quum
1193 3600 1332 3658 nerninem

223 3679 324 3758 lugere
348 3685 455 3760 possit,
493 3693 550 3740 tam
578 3681 651 3741 bene
679 3683 774 3740 omnia
794 3682 968 3757 cohaerere,
1004 3693 1036 3741 ut
1056 3683 1212 3742 rectissime
1233 3700 1332 3780 tersus

225 3763 274 3824 ille
296 3763 389 3824 locum
410 3785 491 3825 suurn
511 3775 634 3824 tueatur.
1245 3789 1248 3796 ·

307 3883 379 3947 016.
424 3882 505 3942 Libri
533 3875 595 3942 ἀλλ’
619 3875 659 3954 ὥς
679 3878 791 3954 ἒςτῖδες.
840 3880 926 3940 llunc
947 3892 976 3940 et
999 3891 1161 3961 sequentem
1182 3901 1334 3945 versuma

225 3964 334 4025 Gelono
368 3964 402 4026 de
431 3966 490 4046 llip
491 3985 571 4046 p.ocr
602 3976 632 4024 et
658 3963 736 4023 Plat.
768 3964 863 4044 dogm.
887 3963 941 4026 lV
971 3985 999 4043 ρ
1025 3966 1098 4027 281,
1152 3963 1263 4038 (Chart.
1288 3966 1330 4029 V

224 4049 342 4128 ρ,,147
361 4047 399 4109 Ε.
422 4061 452 4109 et
471 4051 529 4110 vol.
551 4047 634 4128 V.p
638 4031 733 4110 .405,
756 4047 803 4107 cd
825 4048 860 4107 Li
862 4051 919 4128 ps)
943 4059 973 4106 et
999 4045 1183 4108 aClemente
1204 4047 1333 4110 Alexan-

224 4069 306 4192 drino
328 4131 435 4193 Stronn.
458 4133 497 4193 ll
521 4153 551 4216 ρ.
577 4131 650 4195 485.
680 4129 759 4190 Pott.
785 4131 853 4205 (tol.
862 4070 915 4190 Ρ11.
948 4151 977 4210 ρ.
1003 4132 1074 4194 187.
1097 4129 1143 4190 od.
1165 4132 1259 4213 Lips.)
1289 4135 1334 4193 ai-

224 4211 312 4286 lerri,
349 4227 434 4296 atque
462 4215 536 4300 apud
565 4225 714 4294 utrumque
735 4209 821 4276 οὐδ’
848 4238 888 4288 ως
908 4211 1013 4286 desider
1033 4217 1167 4295 seriptum
1189 4236 1268 4289 esse,
1303 4219 1333 4278 in

225 4292 454 4379 Adversariisp
458 4298 565 4363 ..224
596 4297 740 4358 adnotavit
766 4297 922 4356 Porsonus.
973 4297 1083 4378 Tetigit
1102 4301 1187 4358 etiam
1210 4301 1333 4360 scholia-

226 4389 284 4438 stes
308 4378 407 4441 Aristo
409 4385 507 4463 phanis
533 4381 570 4441 ad
591 4383 681 4463 Vesp.
704 4381 778 4444 714,
811 4392 840 4440 et
867 4380 903 4440 ad
923 4381 1046 4462 Lysistr.
1072 4383 1142 4445 155,
1166 4383 1213 4442 ubi
1235 4386 1333 4444 obser-

224 4473 274 4520 vat
303 4462 412 4522 haec
404 4485 432 4522 tn
463 4467 581 4526 Leschis
603 4485 689 4550 parva
718 4464 807 4525 lliade
829 4476 859 4524 et
878 4465 952 4547 apud
975 4467 1091 4548 lbycunr
1119 4487 1183 4528 esse
1205 4478 1329 4529 narrata.

225 4543 294 4606 Vid.
320 4544 527 4608 Schneidewin.
552 4547 589 4608 ad
610 4549 777 4631 Ibycump.
796 4550 869 4616 130.
