2982 4948
822 261 871 333 tt·

646 407 1046 521 ΑννΡοΜΑΧπ.

225 592 288 656 495
394 581 504 676 θῦμα
527 573 656 665 tutor,
683 575 714 651 τό
735 577 879 673 χθονὸς

398 702 529 787 Φθίας
553 699 764 801 κρόντορες.

671 895 719 962 Μ
729 888 801 963 ΟΛ
811 889 843 964 O
854 892 1020 965 ΤΤΟΣ.

798 1019 830 1096 ὦ
854 1020 981 1124 ποίτερ,

396 1144 484 1244 μόλε
510 1145 630 1245 φίλοις
656 1143 858 1247 ἐπίκουρος.

647 1334 683 1403 Α
689 1333 759 1403 ΝΔ
765 1335 801 1403 Ρ
808 1332 895 1407 ΟΜ
899 1338 936 1405 Α
942 1337 987 1406 Χ
989 1339 1040 1412 Η.

397 1465 507 1541 κείσει
530 1461 597 1558 δή,
623 1463 771 1551 τέκνον,
798 1460 829 1537 ὦ
854 1465 971 1565 φίλος,

395 1597 551 1689 μαστοῖς
573 1588 732 1688 ματέρος
759 1584 858 1689 ἀμφὶ
884 1599 951 1675 σᾶς

398 1715 528 1814 νεκρὸς
551 1712 624 1822 ὑπό
645 1712 765 1808 χθονὶ
788 1713 859 1790 σὺν
882 1726 1002 1818 νεκρῷ
1026 1723 1074 1796 τ’.

680 1887 733 1956 Μ
738 1883 1028 1962 ΟΛΟΤΤΟΣ.

397 2021 491 2119 ᾤμοι
516 2046 579 2116 μοι
586 2071 599 2105 ,
624 2016 662 2092 τί
684 2014 820 2108 πάθαις
845 1999 965 2103 τοίλαςΙ

400 2144 483 2237 θῆτ’
510 2142 583 2244 ε’χώ
609 2139 657 2218 σό
678 2171 737 2232 τε,
763 2141 925 2280 μᾶτερχ.

740 2309 963 2410 σύστημα.

676 2445 728 2516 Μ
732 2448 811 2517 ΕΝ
814 2446 1028 2522 ΕΛΑΟΣ.

399 2578 458 2652 ἴθ’
484 2573 724 2672 ὑποχθόνιοι·
750 2577 813 2650 καὶ
837 2576 911 2679 γὰρ
937 2579 1004 2652 ἀπ’
1030 2580 1181 2677 ε’χθρῶν

399 2703 505 2796 ἥκετε
528 2697 699 2801 πόρχιον·
726 2696 795 2774 δύο
820 2700 860 2775 ‹i'
887 2703 928 2775 ἐκ
951 2701 1101 2778 δισσοῖν

401 2821 581 2922 θνήσκετ’
610 2819 815 2927 οἷνοίχκαιν·
841 2823 879 2901 σί
904 2824 975 2924 μὲν
996 2827 1154 2926 ἡμετέρα

312 2937 314 2942 ’
400 2960 527 3052 ψῆφος
552 2950 714 3050 ἀναιρεῖ,
742 2950 859 3027 παῖδα
882 2950 922 3028 δ’
949 2951 1017 3049 ε’μὴ
1043 2959 1129 3038 παῖς

400 3075 508 3154 τόνδ’
528 3073 718 3174 Ἑρμιόνη·
743 3075 808 3150 καὶ
831 3076 904 3180 γὰρ
931 3075 1040 3153 ἀνοία

321 3231 324 3238 ·
401 3199 543 3304 μεχοίλη
568 3199 703 3276 λείπειν
718 3198 886 3301 ,ἐχθροὺς
911 3203 1073 3301 ἐχθρῶν,

386 3497 459 3564 495.
504 3499 585 3559 Haec
609 3499 705 3570 verba,
729 3503 814 3578 θῦμα
834 3494 927 3576 δάϊον,
950 3489 975 3562 ὦ
995 3495 1105 3580 χθονός
1127 3500 1226 3573 Φθίας
1245 3493 1403 3580 κρόνεορες,

304 3603 376 3662 quae
397 3585 426 3644 in
447 3582 526 3642 libris
546 3581 676 3641 Molosso
697 3583 859 3641 continuata
880 3595 972 3655 erant,
995 3582 1134 3643 Matthiae
1150 3585 1253 3661 aliique
1269 3601 1331 3642 meo
1346 3603 1404 3642 mo-

304 3667 381 3738 nitu,
404 3677 435 3725 ut
455 3666 630 3745 antistropha
650 3666 838 3738 monstrabat,
861 3666 1079 3727 Andromachae
1100 3664 1267 3725 tribuerunt.

386 3766 459 3831 ⁴96.
502 3763 571 3824 hu.
596 3763 659 3823 rell.
685 3753 833 3845 ὦπάτερ,
857 3754 881 3828 ὦ
902 3761 979 3846 μόλε.
1023 3745 1163 3825 Omittunt
1180 3783 1198 3822 a
1217 3764 1340 3832 metricis
1355 3786 1404 3844 po·

305 3851 388 3911 situm
411 3850 529 3909 aiterum
550 3836 574 3909 ὦ
596 3846 681 3907 Lasc.
703 3859 733 3908 et
753 3848 826 3908 Mss.
889 3871 893 3878 ’
1226 3857 1239 3882 ·

387 3950 460 4015 tot.
504 3948 758 4027 interpungehatnr
779 3948 808 4009 τί
827 3942 932 4022 πόθοις
952 3941 1038 4018 τάλας
1058 3939 1122 4024 δῆτ’
1145 3939 1215 4027 ἒμό,
1237 3939 1274 4005 σό
1294 3966 1334 4021 τε,
1354 3951 1404 4024 μᾶ-

304 4052 361 4116 ιερ.
406 4031 546 4092 Matthiae
573 4042 670 4091 tacens
702 4033 953 4111 interpunctionem
981 4039 1046 4108 post
1068 4022 1158 4090 πόθοι
1187 4029 1309 4088 sustulit.
1355 4029 1404 4087 Se-

307 4117 386 4196 quuti
403 4116 462 4177 atii.
504 4115 640 4176 Veterem
658 4115 909 4194 interpunctionem
930 4123 1008 4171 recte
1022 4112 1138 4171 retinuit
1158 4112 1335 4190 Lentingius.
1372 4113 1406 4172 Τί

306 4196 397 4263 πόθοι
418 4211 463 4258 ost
483 4201 552 4277 pusii
563 4199 698 4280 soccum?
725 4208 756 4255 ut
777 4198 805 4256 in
826 4196 936 4255 Phaon.
954 4195 1026 4258 902.
1054 4221 1059 4241 ·

389 4297 462 4362 508.
506 4297 599 4372 Quum
621 4297 705 4355 Lasc.
724 4294 827 4354 habeat
846 4287 969 4374 ἐχθροὺς
989 4289 1105 4394 impoti,
1126 4295 1154 4353 in
1171 4293 1239 4354 Par.
1258 4291 1297 4352 Α.
1316 4304 1402 4392 uppem

309 4381 441 4439 omissum
466 4376 532 4454 ἐξὸν
557 4382 643 4439 minio
671 4377 706 4438 ad
733 4377 847 4458 ἐχθρῶν
875 4397 960 4456 supra
984 4390 1118 4460 scriptum
1139 4379 1192 4449 sit,
1221 4374 1403 4436 dubitationes

309 4462 448 4520 excitatae
469 4472 534 4524 sunt
556 4473 586 4522 et
605 4460 744 4540 quomodo
764 4454 888 4540 ἐχθροὺς
907 4461 1020 4539 ἐχθρῶν
1040 4461 1234 4540 explicandum
1257 4461 1304 4528 sit
1324 4469 1353 4518 et
1371 4457 1403 4517 de
