2982 4948
738 327 789 404 54

213 509 272 585 σοί
296 537 370 586 που
392 507 561 608 μέτεστιν
587 508 639 594 ιδς
663 511 704 587 έν
729 507 914 609 ἀνδράσιν
936 509 1070 615 λόγους

5 657 7 664 ’
179 729 181 734 s
213 634 309 719 ὅςτις
333 635 425 736 πρὸς
450 633 589 736 ἀνδρὸς
615 635 770 739 Φρυγὸς
791 634 1004 741 ἀπηλλάηης
1025 637 1164 734 λέχους,

45 769 67 839 .,“
134 760 379 861 ,58οἀκληστζ
407 761 551 860 ἀβουλα
573 757 730 857 δώμαθ’
757 759 880 845 ἑστίας
906 760 1046 851 λιπών,

127 864 134 879 ’
212 882 263 966 ώς
287 882 334 980 δὴ
358 892 521 989 γυναῖκα
551 883 719 985 σώφρον’
747 888 787 962 ἐν
811 883 942 986 δόμοις
968 890 1065 985 έχων

211 1017 345 1085 πασῶν
368 1010 560 1105 κακίστην.
590 1010 676 1086 οὐδ’
704 1008 753 1087 ἀν
777 1017 809 1087 el
829 1009 1005 1110 βούλοιτό
1030 1041 1086 1097 τις

5 1123 80 1223 »ἑλέ
100 1129 130 1216 μ’
213 1130 379 1235 σώφρων
402 1136 546 1240 γένοιτο
571 1135 866 1234 Σπαρτιατίδαιν
890 1135 1001 1239 κόρη,

22 1284 56 1345 g,
78 1278 124 1335 ,ιι
138 1250 169 1318 ἓν
214 1259 254 1332 ἀί
279 1259 348 1344 ξὺν
370 1262 508 1338 νέοισιν
532 1262 773 1360 ἐξερημοῦσαι
797 1249 939 1360 δόμους

23 1434 40 1473 ,4
71 1429 105 1484 (p,
143 1403 205 1468 585
211 1391 389 1487 γυμνοῖσι
412 1391 544 1485 μηροῖς
567 1384 633 1461 καὶ
656 1388 803 1472 πέπλοις
825 1388 1030 1488 ἀνειμένοις

9 1523 71 1584 ,2,

295 1653 368 1718 580.
413 1655 509 1717 Gucll.
527 1657 623 1716 Havn.
641 1651 777 1719 ἀνλειστ’.
812 1655 924 1718 Deinde
940 1658 1020 1717 Flor.
1038 1657 1078 1717 A.
1096 1653 1171 1720 ἀδυυ
1188 1651 1317 1738 δώμαθ’.

213 1735 294 1796 Flor·
322 1738 373 1803 1⁰.
402 1736 477 1803 ἀδου
493 1735 624 1819 δώμαθ’.
674 1738 789 1799 Caeteri
810 1736 921 1804 ἀδουλα
941 1736 1075 1821 δώμαθ’,
1105 1741 1180 1821 quod
1200 1743 1321 1801 scholia-

114 1873 131 1912 ν
215 1830 272 1878 stes
294 1821 351 1890 inte
387 1801 496 1884 retatur
516 1818 565 1885 διὰ
592 1819 626 1885 τὸ
655 1815 730 1884 εἶναι
754 1820 920 1886 πολύδουλά
940 1847 970 1886 τε
990 1823 1041 1886 ναὶ
1061 1816 1140 1904 ilpunc
1161 1821 1320 1903 ἀφύλακτα.

100 1897 158 1970 ὃ).
206 1903 284 1983 {loc
309 1889 348 1966 ἀδ
364 1907 504 2010 υλιηοου
530 1918 598 1987 puto
620 1907 678 1966 ullo
701 1917 784 1986 pacto
810 1906 923 1968 delendi
950 1927 1044 1987 pesse.
1092 1906 1255 1968 Absurdnm
1277 1922 1322 1970 est

188 1977 290 2048 ‘'cnim
307 1929 462 2051 cndodiam
479 1993 568 2052 serris
588 1988 731 2063 mandari,
763 2011 847 2070 quum
865 2012 919 2051 non
936 1992 1035 2069 regine
1049 1991 1156 2064 servis,
1179 1990 1229 2050 sed
1245 1995 1320 2052 servi

215 2072 331 2149 reginae
352 2086 481 2153 pareant.
524 2075 578 2134 Est
593 2073 663 2134 illud
682 2095 699 2134 a
713 2073 879 2156 Phrynicho
895 2075 1004 2133 comico
1020 2075 1124 2132 lactum
1140 2075 1317 2136 vccabulum.

215 2152 290 2213 Nam
309 2156 383 2235 quod
405 2161 433 2217 in
450 2158 577 2217 Belrkeri
591 2158 748 2217 Anecdotis
770 2181 799 2239 p.
817 2161 870 2232 25,
889 2159 940 2222 14.
965 2159 1079 2238 legitur,
1102 2152 1226 2232 ἀδουλυς
1245 2159 1319 2240 βίος,

216 2232 234 2298 ὁ
254 2232 293 2317 μη
315 2237 488 2302 δουλςιίυυτα
503 2240 584 2320 ἔχων,
606 2261 661 2320 quo
677 2241 855 2301 referendum
873 2242 920 2315 sit,
944 2242 1014 2302 haec
1031 2240 1182 2309 ostendunt
1201 2263 1231 2322 p.
1246 2243 1318 2316 344,

214 2321 267 2382 29.
292 2341 363 2400 quae
385 2325 426 2382 sic
447 2322 615 2383 scribenda:
648 2318 772 2408 ξιδουλος
791 2325 856 2404 βίος
880 2323 970 2406 ἑρεῖς,
991 2319 1135 2386 τουτέστιν
1155 2320 1173 2387 ὁ
1193 2320 1232 2405 μη
1254 2326 1322 2388 δοῦ-

214 2408 266 2464 λον
295 2404 374 2486 ἔχων.
421 2405 495 2488 ἐρεῖς
522 2404 554 2468 δὲ
581 2404 632 2468 ναί
659 2401 824 2480 ἀδιάλειιτος
850 2407 915 2486 βίος
943 2407 993 2469 καί
1013 2403 1166 2490 ἀγέλαστος
1185 2408 1251 2488 βίος
1271 2408 1322 2472 ναί

213 2480 323 2570 ἀγαμος
342 2489 418 2569 βίος.
465 2485 610 2571 Φρύνιχος
631 2487 663 2550 ἐν
685 2485 886 2574 Μονοτρόπῳ·

421 2585 515 2669 ὄνομα
535 2587 568 2651 δέ
587 2583 689 2669 μοίίστι
709 2584 905 2670 Μονότροτιος
946 2635 953 2650 .
996 2634 1003 2650 .
1046 2633 1053 2649 .
1096 2631 1104 2650 .

422 2715 636 2733 .....
696 2673 735 2747 ζῶ
764 2668 797 2732 δὲ
822 2671 953 2750 Τίμωνος
980 2670 1047 2751 βίον

420 2750 546 2836 ἀγαμον,
565 2750 708 2830 ἀδουλον,
730 2748 899 2834 ὀξύθυμον,
921 2749 1094 2836 ἀπρέςοδυν,

421 2833 590 2920 ἀγέλαστον,
611 2833 796 2914 ἀδιάλεκτον,
817 2833 1018 2921 ίδιοηνώμονα.

213 2929 335 2994 Praeter
355 2927 466 3000 ἀδουλα
486 2949 580 2998 autern
610 2939 694 2997 etiam
717 2937 795 2998 aliud
823 2939 852 2996 ln
873 2935 1020 3017 Euripidis
1040 2955 1124 2996 versu
1145 2934 1243 2994 vitium
1264 2946 1319 2995 est.

213 3015 289 3077 Nem
311 3031 388 3078 recte
410 3020 523 3100 quidem
544 3021 649 3081 dicitur
670 3023 753 3100 δῶμα
774 3020 852 3083 ἑστία
873 3043 917 3097 τε,
952 3033 984 3079 ιιι
1005 3022 1033 3080 in
1054 3018 1176 3079 Hecube
1194 3039 1223 3079 v.
1246 3019 1319 3082 353.

213 3111 244 3160 et
262 3100 413 3181 διοματῖτις
433 3103 529 3181 ἑστία,
557 3116 588 3166 ut
617 3107 646 3166 in
666 3106 880 3184 Agamemnone
908 3126 936 3164 v.
961 3105 1034 3167 977.
1065 3113 1095 3162 et
1115 3100 1194 3164 ἑστία
1214 3096 1321 3181 δέμον,
1365 3107 1371 3128 ’

214 3194 246 3242 ut
267 3185 295 3244 in
316 3183 493 3268 Choeplr'oris
513 3211 541 3249 v.
561 3190 633 3253 627.
657 3186 708 3249 sed
724 3183 839 3268 δώμαθ’
859 3187 953 3260 ἑστίας
968 3187 1016 3266 qui
1032 3185 1146 3258 dixerit,
1170 3207 1226 3244 non
1242 3187 1319 3246 novi.

214 3264 319 3326 Bothio
342 3282 430 3344 certe,
456 3266 574 3351 δώμαθ’
599 3267 713 3346 Ἑστίας
730 3272 876 3345 scribenti,
901 3269 976 3352 quod
990 3269 1082 3330 Vesta
1098 3267 1322 3330 aedificationem

214 3348 364 3426 invenerit,
388 3374 471 3414 nemo
492 3356 673 3415 assentietur.
719 3354 803 3430 Quod
819 3357 843 3414 si
860 3355 994 3434 coniungi
1016 3347 1133 3434 δώμαθ’
1150 3351 1244 3428 ἑστίας
1266 3374 1322 3412 non

213 3447 348 3512 pessunt,
381 3450 430 3497 aut
459 3441 599 3520 scriptura
627 3440 684 3499 elin
712 3451 762 3499 aut
787 3440 844 3499 elia
873 3439 1046 3497 constructio
1069 3437 1218 3498 verborum
1242 3435 1323 3494 edhi-

213 3516 305 3576 benda
330 3527 401 3581 'cst'
442 3522 474 3582 Si
503 3525 661 3603 scripturn,
694 3524 757 3604 quis
786 3544 841 3581 non
869 3522 952 3580 facile
983 3521 1090 3581 incidat
1110 3522 1138 3579 in
1160 3511 1319 3596 πυλώμαθ’

213 3597 326 3673 ἑστίαςλ
374 3604 416 3666 At
445 3627 500 3665 non
531 3617 625 3665 tannen
647 3605 725 3665 credi
746 3616 840 3685 potest
859 3603 1025 3686 Euripidem
1047 3604 1140 3663 inutili
1172 3619 1234 3660 cum
1256 3621 1322 3680 pro-

215 3685 338 3758 nomine,
363 3690 494 3768 quoniam
514 3690 563 3748 vix
584 3690 668 3748 aliter
688 3690 797 3769 cxpleri
817 3709 916 3749 versus
938 3699 1041 3769 potest,
1068 3687 1214 3764 scripsisse
1236 3678 1321 3769 ἀκλη-

215 3784 267 3829 στα
282 3773 336 3848 σῆς
350 3767 508 3850 πυλώμαθ’
528 3770 622 3844 ἑστίας
637 3767 735 3834 λιπών,
773 3772 825 3832 Sin
841 3771 1030 3832 construenda
1043 3771 1125 3828 aliter
1141 3778 1206 3826 sunt
1221 3767 1319 3839 verba,
1431 3801 1433 3806 ·

213 3851 338 3930 pendere
362 3853 446 3915 dehet
467 3853 561 3928 ἑστίας
588 3858 801 3936 epraegrcssis
831 3856 987 3916 adiectivis.
1038 3850 1135 3930 Atque
1164 3870 1248 3930 quum
1269 3870 1321 3930 pro

215 3930 325 3998 ἀδουλα
345 3938 506 3998 Brunclrius
526 3933 696 4021 ἀφρούρητα
725 3942 881 4000 sententiae
903 3937 1053 3998 convenire
1075 3933 1212 4007 dixisset,
1245 3935 1322 3994 Len-

215 4020 320 4098 tingius
337 4024 499 4082 coniecerat
514 4018 659 4105 ἀφρουρα,
681 4022 730 4083 sed
747 4026 843 4083 nescio
857 4042 912 4102 qna
927 4020 1111 4101 perversitate
1128 4017 1225 4077 iudicii
1237 4016 1323 4079 rediit

111 4115 117 4128 ·
214 4100 250 4160 ed
272 4102 477 4166 defendendum
499 4102 617 4168 ἀδουλα.
659 4106 822 4167 Brunckius
842 4101 973 4186 ἀβούλως
993 4099 1171 4162 scribendum
1193 4103 1319 4182 putabat.

214 4184 279 4263 Ego
335 4189 444 4263 uidem,
485 4190 559 4271 quod
595 4191 758 4249 lucillimum
788 4188 953 4259 videbatur,
993 4181 1104 4266 ἀβουλα
1133 4187 1252 4265 scripsi,
1290 4197 1323 4244 ut

215 4262 344 4353 ἀκληστ,
364 4268 476 4353 ἀβουλα
494 4272 588 4346 ἑστίας
608 4275 825 4352 coniungantur,
849 4271 1078 4351 intelligaturque
1100 4269 1216 4342 domus,
1241 4271 1321 4329 cuius

215 4351 335 4410 interior
355 4366 385 4413 et
406 4357 599 4416 sanctissimus
621 4358 701 4415 locus
726 4356 824 4429 (larem
848 4356 933 4413 horno
953 4354 1100 4414 Romanus
1122 4352 1240 4428 diceret)
1271 4371 1321 4413 ne·

216 4452 270 4512 que
292 4436 421 4496 occlusus
443 4450 473 4497 et
493 4440 554 4498 sine
574 4441 712 4518 regimine
733 4440 820 4497 luerit
839 4457 858 4496 ο
877 4436 1013 4499 Menelao
1033 4439 1161 4498 relictus.

298 4545 388 4612 583.Ι
414 4551 483 4611 Per.
507 4551 546 4612 Α.
570 4549 660 4635 γυνή,
683 4553 732 4615 sed
753 4576 771 4615 a
792 4566 966 4617 correctore.
