3006 4952
642 314 825 382 ‘vr

250 491 285 556 et
310 482 437 556 Aldina
470 482 581 558 1503.
611 483 698 555 unde
726 484 859 579 vulgata
884 481 1029 554 manavit
1061 482 1245 578 scriptura,
1278 505 1362 577 quae

253 624 320 671 non
346 599 515 672 indoctum
541 608 762 673 correctorem
780 607 879 672 nacta
901 592 952 672 cst
972 599 1006 670 in
1020 597 1233 695 llcruagiana
1256 600 1364 672 altera

255 739 288 789 a.
316 714 427 790 152ll.
466 716 607 791 Scholia
633 742 676 791 ex
702 716 799 789 codd.
820 716 884 788 'hic
916 717 989 788 illic
1020 718 1114 789 aurit
1140 716 1191 788 lo.
1217 715 1366 788 Lentin-

255 834 344 930 gius,
367 836 422 932 qui
440 834 652 933 Zutphauiac
668 858 698 909 a.
717 833 826 906 1829.
850 832 1118 906 Andromacham
1143 833 1259 926 edidit,
1281 859 1366 931 ope-
1412 891 1416 904 .

256 955 344 1024 rosis
378 953 580 1046 molesteque
608 951 742 1048 scriptis
776 951 1044 1024 adnotationibus
1078 953 1295 1043 instructam,
1329 951 1366 1023 in

258 1069 376 1165 quihus
402 1068 561 1166 quaedam
578 1070 677 1161 hona,
704 1069 801 1164 plura
826 1076 934 1142 autem
952 1076 1041 1159 sunt,
1061 1092 1145 1166 quae
1172 1069 1245 1165 quis
1266 1070 1367 1142 uellet

257 1208 324 1256 non
340 1209 412 1258 essc
428 1185 565 1282 scripta.
615 1183 701 1258 Eius
725 1185 804 1257 libri
830 1209 1002 1258 censuram
1029 1186 1164 1282 scripsit
1189 1185 1368 1282 Pllughius

258 1299 292 1370 io
318 1300 460 1374 Diumis
483 1301 693 1403 scholasticis
721 1327 752 1376 a.
779 1301 960 1375 183211.
987 1325 1023 1376 n.
1047 1302 1107 1376 92.
1134 1303 1194 1376 93.
1232 1302 1368 1376 Memo-

258 1417 363 1490 randa
386 1427 559 1516 praetcrea
575 1420 677 1496 editio
691 1419 1037 1493 Andromachaecum
1055 1421 1154 1492 uariis
1168 1419 1369 1492 lectionibus

259 1534 420 1607 librorum
440 1535 694 1629 Parisiensium,
720 1535 910 1610 Florentini
935 1538 979 1611 A.
1005 1538 1083 1609 lihri
1108 1535 1266 1628 Puteani,
1295 1536 1370 1608 edi·

259 1652 450 1750 tionomque
484 1653 645 1727 Lascaris
676 1663 710 1728 et
739 1655 841 1748 Aldi,
883 1679 980 1754 quam
1005 1677 1140 1735 curasse
1172 1653 1295 1726 dicitur
1325 1652 1369 1728 P.

259 1766 454 1864 Elmslcios,
481 1769 610 1844 Oxonii
634 1796 668 1844 a.
695 1772 805 1847 1807.

362 1919 566 2014 Librorum,
594 1922 651 2019 qui
671 1922 780 1995 lontcs
805 1922 991 2021 scripturae
1023 1932 1118 2015 sunt,
1151 1931 1219 1996 tres
1247 1925 1371 1996 classes

263 2037 436 2108 constitnit
457 2036 660 2136 Lentingins
686 2041 720 2110 in
747 2040 955 2136 praelatione
987 2065 1022 2136 p.
1056 2037 1116 2112 14.
1144 2039 1301 2137 priunum,
1335 2042 1371 2112 in

264 2177 329 2250 qua
354 2154 449 2250 ponit
472 2153 584 2230 Paris.
609 2156 655 2230 A.
680 2165 715 2229 et
738 2156 980 2247 Hauniensem3
1001 2158 1153 2249 alteram,
1179 2181 1263 2255 quae
1289 2181 1373 2230 con-

182 2337 185 2344 .
263 2273 369 2345 tincat
397 2269 612 2345 Florentinos
643 2275 688 2344 Δ.
723 2275 782 2346 10.
820 2275 880 2350 15.
914 2275 1105 2346 Parisinum
1138 2274 1181 2348 B.
1213 2299 1373 2373 quemquo

264 2390 362 2461 huius
393 2389 580 2485 excroplum
613 2389 825 2463 chartaceum
859 2415 932 2465 esse
968 2417 1003 2488 p.
1032 2394 1093 2464 10.
1126 2391 1227 2483 dicit,
1260 2391 1308 2463 D.
1340 2399 1374 2464 ct

264 2506 426 2580 Laccuris
444 2506 611 2596 codicem,
643 2507 793 2598 tertiam,
819 2509 914 2581 culos
939 2509 1006 2582 sint
1027 2508 1203 2580 Parisinus
1226 2505 1268 2582 Ε.
1288 2507 1375 2581 Flo·

264 2625 414 2697 rcntinus
442 2625 479 2695 2.
512 2623 600 2696 liher
631 2622 868 2716 Victorianus,
907 2623 1040 2698 codices
1081 2625 1303 2698 Taurinensis
1341 2635 1376 2698 ct

265 2737 560 2838 Gucllcrhptanus,
584 2748 682 2838 atque
708 2741 810 2816 editio
825 2741 960 2817 Aldina.
999 2741 1125 2816 Verum
1142 2744 1206 2814 etsi
1226 2745 1377 2841 plerum-

266 2880 330 2956 que
360 2859 413 2929 illi
449 2841 549 2950 lihri,¹
582 2883 665 2957 quos
699 2860 796 2931 uarius
826 2860 945 2932 classis
978 2883 1054 2932 esse
1086 2859 1187 2951 dicit,
1224 2861 1313 2934 inter
1339 2885 1377 2936 sc

267 2977 491 3067 consentiunt,
517 2984 626 3050 tamen
643 2999 743 3074 saepe
766 2977 866 3050 etiam
884 2977 1087 3073 discrepant,
1112 2978 1377 3075 conveniuntque

267 3119 341 3166 cum
374 3095 459 3168 nlius
491 3094 616 3166 classis¹
639 3093 830 3185 codicihus,
867 3117 931 3166 nec
972 3102 1064 3165 recte
1103 3116 1201 3164 uuam
1234 3094 1376 3167 classem

268 3209 365 3282 alteri
390 3210 512 3306 ulique
537 3209 746 3305 praetuleris.
787 3210 828 3281 Iu
855 3235 919 3307 quo
944 3233 1067 3305 genere
1085 3233 1203 3308 magua
1228 3212 1378 3284 cernitur

268 3325 444 3422 Lentingii
475 3319 663 3420 temeritas,
696 3327 752 3424 qui
775 3328 888 3400 nescio
915 3351 979 3422 qua
1005 3349 1123 3399 caussa
1152 3340 1217 3401 tam
1243 3329 1377 3424 iniquos

267 3455 319 3518 est
334 3446 370 3516 in
384 3444 521 3530 Aldom‚
538 3452 587 3537 ut,
601 3445 631 3516 si
647 3467 745 3541 quam
760 3444 831 3514 eins
848 3444 1045 3539 scripturam
1061 3445 1239 3542 improbat,
1252 3443 1377 3517 Aldom

268 3571 306 3635 nt
320 3564 468 3659 ineptum
484 3567 706 3634 correctorem
729 3567 877 3650 accuset,
902 3582 966 3631 neo
985 3562 1123 3658 cogitet,
1149 3570 1279 3635 veteres
1298 3564 1378 3635 illos

269 3679 413 3753 editores
437 3678 688 3774 religiosissime
704 3701 787 3772 quos
812 3684 888 3748 ante
915 3680 1030 3752 oculos
1055 3679 1226 3753 habehant
1246 3679 1379 3754 codices

268 3795 462 3870 reddidisse.
512 3794 602 3866 Mihi
636 3792 786 3891 paridem,
821 3794 878 3891 qui
903 3819 939 3868 se
962 3797 1020 3867 uni
1052 3795 1189 3871 istarum
1222 3797 1378 3870 classium

269 3911 414 4004 addicat,
435 3935 501 3982 noo
524 3910 654 3984 ridetur
686 3911 891 4008 prohabilem
917 3911 1016 3984 huius
1039 3914 1230 4010 tragoediae
1257 3937 1380 3987 recen-

268 4031 395 4102 sionem
427 4050 526 4127 posse
554 4028 697 4103 allicere.
748 4027 833 4101 Nam
861 4039 1016 4127 quantum
1049 4033 1239 4128 intelligere
1270 4033 1379 4128 potui,

268 4168 381 4219 omncs
420 4147 472 4218 illi
501 4143 633 4218 codices
665 4169 708 4218 er
737 4149 914 4244 perpaucis
955 4169 995 4220 ac
1027 4149 1142 4221 nescio
1174 4172 1217 4220 ao
1243 4173 1291 4221 ex·
1311 4172 1379 4221 uuo

268 4287 373 4362 coquc
399 4263 555 4337 mendoso
581 4270 639 4334 aot
664 4264 750 4336 male
773 4263 886 4335 habito
906 4264 994 4336 lihro
1018 4274 1204 4356 manarunt,
1231 4273 1268 4338 ut
1290 4287 1380 4338 nunc

270 4382 339 4473 hic,
363 4405 451 4456 nunc
476 4382 536 4455 ille
560 4380 668 4454 codex
696 4403 806 4455 reram
832 4380 1030 4478 scripturam
1056 4381 1246 4474 exhibeat,
1265 4383 1380 4454 multis
