3006 4952
810 322 872 374 xlv

287 488 361 562 deri
393 487 560 563 debuisset
584 487 844 586 Neoptolemus,
877 514 973 587 qnam
1005 493 1127 567 utillo
1152 501 1218 566 tam
1245 492 1395 570 intestam

287 631 325 680 se
350 608 525 705 praeberet
549 606 772 698 Hermionae,
807 616 841 680 et
866 633 955 681 mors
980 608 1193 708 Neoptolemi
1219 636 1263 684 ex
1289 612 1395 686 aliena

285 747 309 795 a
334 725 466 797 tabulae
495 731 688 818 argumento
720 747 839 797 caussa
865 734 1067 821 consequuta
1091 726 1175 798 nihil
1202 727 1243 798 ad
1271 752 1394 826 angea-

287 840 363 912 dum
389 841 424 912 in
450 838 666 911 Hermionam
692 839 802 912 odium
827 842 1007 916 conterret.
1058 842 1153 918 Haeo
1178 852 1287 920 antem
1314 871 1395 944 qnae

284 958 320 1029 iu
347 955 562 1054 Neoptolemi
587 956 723 1028 interitu
752 967 904 1030 versatur
929 959 1017 1032 actio
1043 968 1216 1058 tantopere
1242 963 1396 1038 destinata

285 1082 357 1167 est,
391 1083 428 1147 nt
452 1074 582 1145 initium
608 1073 721 1145 statim
748 1074 824 1148 finis
849 1084 1026 1173 sequatur,
1052 1102 1114 1152 nce
1139 1079 1234 1154 loeus
1259 1082 1395 1156 relictus

285 1193 331 1265 sit
365 1190 468 1263 metui
501 1190 658 1264 instantis
691 1190 781 1262 mali.
831 1190 918 1263 Nam
954 1193 1152 1294 simulatque
1178 1196 1304 1270 audivit
1326 1197 1396 1272 Pe·

284 1310 358 1382 leus
384 1316 520 1381 mortem
547 1306 692 1404 Delpbis
721 1308 835 1405 parari
858 1306 1102 1407 Neoptolemo,
1134 1312 1254 1385 adsunt
1277 1315 1391 1386 nuncii

285 1451 407 1523 eorpus
446 1425 568 1497 mortui
619 1426 814 1517 afferentes,
863 1451 926 1499 neo
966 1427 1143 1525 quidquam
1186 1429 1395 1528 relinquitur,

283 1567 382 1640 qnam
417 1551 454 1615 ut
479 1541 604 1614 Peleus
637 1566 711 1614 cum
743 1566 848 1640 eoque
881 1543 1002 1617 cborus
1034 1545 1274 1620 lamententur:
1300 1573 1395 1645 quom

284 1659 409 1730 luctum
441 1659 634 1731 consolatur
657 1657 779 1731 Tbetis
810 1684 872 1752 eo,
905 1660 992 1758 quod
1016 1660 1229 1760 Neoptolemi
1254 1665 1395 1763 posteris

284 1799 421 1871 regnum
447 1774 654 1867 Molossiac,
686 1775 816 1849 Achilli
835 1775 947 1850 sedem
972 1777 1114 1850 insulam
1140 1778 1299 1873 Leueen,
1328 1780 1395 1880 ipsi

284 1902 394 1966 autem
424 1892 530 1966 Peleo
567 1892 848 1965 immortalitatem
884 1893 1062 1990 promittit.
1123 1893 1178 1967 Ita
1210 1898 1395 1994 tragoedia,

284 2033 381 2107 quam
404 2011 578 2107 oportebat
604 2008 754 2084 Menelai
787 2017 821 2082 et
846 2008 1048 2083 Hermionae
1081 2009 1263 2085 infortunio
1292 2013 1395 2107 liniri,

283 2134 397 2200 assuta
422 2122 519 2224 parte
551 2125 661 2198 aliena
684 2126 805 2198 iustam
834 2126 965 2224 quidem
991 2123 1248 2224 magnitudinem
1275 2131 1395 2229 adepta

282 2252 357 2335 est,
397 2242 456 2316 sed
485 2243 533 2314 ita
563 2250 601 2313 ut
634 2243 790 2315 scelerati
817 2243 971 2340 impuniti
1004 2243 1153 2337 abirent,
1193 2247 1395 2343 plecteretur

282 2369 394 2434 autem
419 2361 469 2452 is,
504 2359 561 2455 qni
587 2382 652 2431 non
677 2359 784 2431 solum
812 2360 886 2457 ipsa
915 2360 1076 2435 innocens
1101 2369 1185 2454 orat,
1211 2363 1269 2436 sed
1295 2365 1394 2439 etiam

282 2479 476 2552 innocentes
497 2476 697 2548 liberauerat
722 2477 764 2548 ab
794 2476 942 2551 interitu.
988 2478 1037 2551 At
1060 2479 1232 2570 nimirum,
1265 2478 1396 2578 inquiat

282 2595 417 2692 aliquis,
441 2617 508 2665 non
527 2593 652 2665 licebat
677 2592 796 2665 lamam
817 2594 858 2664 ab
880 2594 1122 2691 antiquioribus
1142 2595 1298 2669 traditam
1317 2623 1395 2672 rnu-

282 2717 368 2784 tare.
415 2707 470 2782 Ea
494 2735 572 2782 vero
598 2733 654 2782 ars
677 2717 729 2782 est
759 2720 898 2807 poetae,
929 2720 967 2783 ut
993 2722 1050 2785 aut
1076 2737 1141 2784 non
1165 2712 1269 2808 eligat
1291 2738 1395 2811 argu·

280 2837 439 2921 mentum,
470 2851 514 2902 ex
542 2850 606 2923 quo
624 2826 744 2900 confici
769 2828 856 2898 bona
883 2828 1055 2926 tragoedia
1080 2837 1240 2926 nequeat,
1267 2840 1337 2924 aut,
1363 2834 1394 2906 si

279 2948 402 3044 clegit,
442 2967 508 3018 non
538 2945 585 3017 ita
618 2951 776 3040 sequatur
812 2943 909 3017 fidem
941 2945 1121 3037 bistoriae,
1153 2956 1189 3020 nt
1224 2972 1295 3022 eam
1324 2975 1394 3024 non

280 3061 506 3136 accommodet
529 3063 561 3136 ci
584 3061 723 3154 formae,
750 3085 834 3156 quae
855 3065 1144 3138 consentaneasit
1165 3064 1295 3160 legibus
1318 3072 1393 3138 tra·

278 3179 448 3277 goediae„

383 3327 546 3422 Quoniam
565 3327 607 3400 ad
623 3325 772 3402 Helenae
788 3338 819 3402 r.
837 3326 947 3401 1421.
965 3355 1016 3403 me
1040 3331 1082 3403 ad
1109 3330 1238 3403 initium
1251 3330 1392 3404 Andro·

281 3448 416 3522 macbae
441 3447 482 3520 de
505 3447 729 3538 nominativo,
750 3446 805 3542 qui
831 3471 892 3542 pro
921 3447 1073 3520 vocativo
1104 3457 1301 3545 poneretur,
1334 3450 1391 3521 di-

280 3575 410 3640 cturum
434 3563 639 3658 significavi,
674 3548 778 3660 caque
802 3561 972 3636 adnotatio
999 3589 1065 3637 non
1087 3564 1196 3660 potuit
1219 3565 1391 3639 commode

279 3683 390 3756 versui
410 3681 496 3780 ipsi,
522 3680 563 3752 ad
582 3705 677 3776 quem
693 3680 849 3777 pertinet,
874 3681 1008 3774 subiici,
1030 3681 1087 3754 bio
1103 3681 1145 3754 de
1166 3705 1206 3754 ea
1226 3708 1262 3754 ra
1286 3708 1392 3781 expo-

278 3824 365 3875 nam.
407 3797 553 3894 Legitur
566 3796 653 3869 enim
672 3797 706 3866 in
722 3796 830 3892 primo
852 3822 948 3870 versu
967 3798 1223 3871 Andromacbae
1240 3800 1275 3870 in
1292 3800 1391 3875 codd.

276 3919 386 3992 Havn.
410 3915 518 3988 Taur.
545 3911 659 3986 Gueli.
689 3920 727 3984 nt
757 3913 792 3984 in
818 3914 897 3988 Ald.
924 3924 958 3989 ct
986 3940 1069 4012 quae
1093 3916 1180 3989 banc
1207 3925 1393 4015 sequnntur

278 4035 351 4110 edd.
374 4027 495 4122 πόλιςς
532 4033 566 4103 in
590 4031 671 4104 Par.
695 4027 740 4102 Ε.
761 4038 870 4104 autem
898 4042 932 4105 et
956 4031 1050 4105 Flor.
1076 4033 1188 4107 210.
1212 4035 1272 4107 15.
1295 4034 1390 4109 Viot.

220 4128 224 4137 ¹
276 4145 499 4240 Lascntaq
531 4148 672 4244 denique
694 4147 728 4219 in
742 4147 823 4220 Par.
840 4149 884 4223 Α.
903 4149 946 4221 Β.
966 4147 1059 4223 Flor.
1075 4149 1120 4223 A.
1142 4145 1258 4223 πτόλι.
1313 4150 1391 4224 Vo-

277 4269 404 4343 cativns
418 4265 617 4364 alloquentis
636 4273 669 4336 ct
691 4265 921 4361 compellantis
940 4274 1002 4358 est,
1028 4266 1249 4340 norrninatiuns
1272 4268 1391 4342 decla-

276 4386 382 4458 rantis
409 4393 443 4457 et
466 4381 703 4455 exclamantis:
743 4404 817 4453 narn
849 4385 1048 4457 exclamatio
1074 4383 1312 4460 demonstratio
1335 4394 1390 4460 est
1477 4401 1479 4406 '
