3006 4952
702 324 750 396 23

514 509 551 576 A
562 508 599 578 N
603 509 638 578 Δ
648 511 684 578 Ρ
693 507 726 580 Ο
735 509 826 580 MA
834 511 878 579 X
882 511 931 579 H.

171 612 244 702 φεῦ
270 611 353 702 φεῦ.

170 724 290 804 κακόν
312 757 354 831 γε
379 731 533 821 θνητοῖς
557 728 600 804 τό
624 729 728 820 νόον,
755 732 796 808 ἐν
819 730 861 808 (λε’
883 739 937 832 τῷ
960 731 1032 833 νέῳ
1138 791 1141 796 .

169 851 285 949 τὸμὴ
308 851 453 928 δίκαιον
474 853 571 938 όςτις
596 855 815 952 ἀνθρώπων
841 859 923 951 ἔχει.

169 977 240 1080 ε’γο)
266 976 307 1052 dd
327 979 458 1075 ταρβῶ
476 977 529 1074 μὴ
554 977 597 1053 τὸ
624 976 811 1056 ιλουλεόειν
835 980 886 1077 με’
906 1003 964 1055 σοι

167 1099 290 1204 λόγων
316 1103 466 1198 ἅπαίοῃ,
491 1098 595 1178 πόλλ’
622 1107 785 1200 ἔχουσαν
810 1106 950 1199 ἔνδικα,

165 1226 213 1322 ἢν
238 1227 278 1303 d'
306 1226 355 1302 αὖ
380 1224 572 1326 κρατήσω,
596 1228 648 1326 μὴ
672 1228 726 1304 ὀὶ
753 1230 845 1329 τῷδ’
873 1231 978 1330 όφλω
1002 1217 1173 1332 βλοίβηνᾸ

166 1352 201 1425 οἱ
222 1350 301 1454 γὰρ
323 1352 494 1437 πνέοντες
517 1351 661 1458 μεγοίλα
685 1383 772 1438 τοις
795 1354 989 1454 κρείσσους
1014 1351 1144 1457 λόγους

164 1485 303 1575 πικρῶς
329 1480 481 1576 φέρουσι
508 1488 587 1554 τῶν
612 1477 825 1556 ἐλασσόνων
848 1481 939 1555 ἄπο·
1142 1541 1145 1548 .
1282 1477 1342 1537 ¹90

165 1601 265 1696 ὅμως
290 1601 330 1676 d’
356 1603 521 1698 ἐμαυτόν
546 1605 590 1678 σι’
617 1603 797 1701 mpododo’
824 1601 1027 1701 ἁλώσομαι.

163 1727 251 1812 εἴπ’,
279 1724 309 1800 ὥ
336 1735 458 1814 νεᾶνι,
484 1735 538 1826 τῷ
565 1729 603 1803 o’
631 1725 795 1832 ε’χεγγόῳ
821 1727 919 1832 λόγῳ

161 1852 343 1925 πεισθεῖο’
370 1853 518 1927 droun
541 1854 706 1958 γνησίων
731 1851 1015 1954 νυμφευμάτων
1022 1882 1034 1942 ,·

161 2096 281 2154 afferens
304 2097 389 2156 habet
409 2097 531 2174 θηλείας
552 2091 666 2176 φρενός
709 2096 830 2154 Errasse
853 2095 1075 2154 Valckenarium
1098 2093 1134 2151 ad
1155 2091 1266 2152 Phoen.

159 2179 305 2257 206.ηοί
328 2178 491 2281 Euripidis
514 2180 649 2237 librorum
666 2180 833 2257 scripturam
859 2198 894 2237 ne
911 2178 1050 2236 Graecam
1071 2175 1182 2258 quidem
1205 2195 1268 2234 esse

160 2279 278 2318 censens
306 2257 339 2322 τό
365 2267 459 2342 χρῆμα
489 2263 574 2320 scribi
602 2263 733 2334 volebat,
767 2261 841 2340 quod
870 2263 979 2340 recepit
999 2261 1267 2339 obsequentissimus

159 2344 352 2404 Valckenario
374 2346 550 2416 Brunckius‚
575 2348 629 2404 iam
650 2307 835 2407 osteriderunt
856 2347 916 2404 alii

242 2443 312 2506 184.
344 2443 489 2527 Euripidis
507 2443 605 2503 libri'
588 2443 798 2530 ντετῷνέῳ.
836 2444 974 2504 Stobaeus
992 2440 1056 2502 LII.
1076 2445 1107 2504 1.
1127 2443 1175 2521 qui
1193 2443 1266 2500 hunc

81 2583 84 2590 ,
158 2537 188 2584 et
208 2539 370 2605 sequentem
390 2548 500 2588 versum
527 2527 624 2601 affert,
658 2528 689 2590 ἕν
699 2509 742 2589 δὲ
761 2551 801 2589 τω
820 2527 884 2613 νέῳ.
927 2528 960 2586 ld
981 2527 1121 2586 Matthiae
1143 2525 1267 2584 deterius

157 2609 271 2688 vulgato
294 2631 355 2670 esse
385 2612 511 2691 putabat
557 2612 724 2691 Leutiugius
745 2634 776 2695 γε
798 2623 828 2672 et
847 2631 885 2674 τε
898 2612 952 2670 sibi
974 2609 1145 2690 respondere
1167 2606 1266 2666 crede

156 2692 215 2764 bat,
239 2693 313 2772 quod
336 2696 397 2754 fieri
420 2697 496 2754 nulio
517 2707 601 2795 pacto
622 2706 733 2776 potest:
765 2717 793 2755 v.
818 2696 898 2756 adv.
916 2695 990 2757 239.
1034 2693 1167 2774 Denique
1191 2690 1264 2770 quod

156 2777 245 2854 magis
267 2779 350 2836 etiam
368 2799 449 2857 quam
473 2780 543 2838 haec
565 2782 678 2851 mirere,
703 2779 851 2858 Pssugkius
867 2779 902 2838 de
920 2779 1035 2837 Stobaei
1052 2779 1174 2838 lectione
1194 2776 1264 2834 haec

156 2861 284 2937 scripsit.
316 2865 408 2919 mule:
439 2881 504 2919 num
530 2883 630 2920 sensus
651 2873 709 2920 cst.-
742 2866 974 2939 γονιοολοεο
1002 2883 1065 2920 res
1094 2871 1154 2919 cst
1174 2878 1264 2916 mor-

156 2945 306 3002 talibus
329 2943 849 3022 iuuenilisaetatr‘sscrvor,
870 2946 1110 3022 pracsertim
1127 2945 1161 3001 si
1179 2944 1264 3018 quis

156 3026 245 3084 λαιό
281 3027 494 3086 adiunctus
531 3027 647 3086 λοόαι
683 3029 857 3084 ιἰιιιιειοε
883 3029 1139 3103 cuptsztatcs
1195 3022 1262 3080 Non

156 3109 244 3166 sensit
272 3110 359 3187 igitur
380 3129 410 3168 se
432 3111 534 3169 hauc'
527 3131 613 3190 ipsam
637 3111 803 3188 scripturam
826 3110 1024 3188 interpretari,
1052 3127 1138 3210 quem
1161 3107 1262 3164 malem

155 3210 217 3250 esse
235 3195 418 3296 pronunciat
462 3193 523 3252 Aut
539 3195 663 3253 scrihere
681 3192 801 3252 debebat
815 3191 967 3272 Euripides
988 3187 1079 3252 κακόν
1097 3211 1126 3251 τε
1141 3195 1264 3294 θνητοῖς

154 3269 187 3334 τό
210 3273 276 3335 νέον
298 3275 329 3336 ἔν
350 3297 379 3338 τε
400 3282 439 3360 τῷ
461 3277 531 3362 νέῳ,
553 3289 617 3347 aut,
648 3277 672 3333 si
692 3299 724 3358 γε
745 3287 881 3355 poneret,
906 3274 1064 3336 inferredu
1085 3272 1116 3334 δὲ
1136 3277 1176 3358 spi
1198 3271 1260 3357 νέῳ.
1299 3321 1301 3328 ,

237 3373 308 3436 190
352 3372 481 3433 Libri‘'
462 3398 529 3436 οπο.
578 3375 686 3434 Νοεοίο
716 3395 751 3433 au
785 3370 842 3435 ίίπο
867 3376 969 3452 legerit
997 3375 1181 3440 scholiastes
1213 3374 1260 3449 qui

154 3458 194 3515 sic
217 3458 434 3560 interpretatur:
459 3458 489 3519 οί
506 3454 560 3541 γὰρ
576 3463 858 3564 μεγαλοφρονοῦντες
872 3455 983 3560 βαρέως
998 3454 1195 3562 φέρρυσιντι
1159 3453 1195 3514 ἔτι
1195 3453 1262 3512 ian

152 3535 232 3622 παρὰ
258 3545 317 3602 τῶν
345 3537 505 3603 ἐλασσόνων
531 3541 725 3624 δικαιοτέρους
751 3535 898 3622 λόγους’
882 3535 1000 3602 ακοόειν
1020 3563 1070 3600 και
1059 3517 1260 3644 ἐλέγχεσθαι

152 3619 275 3683 Nam
254 3619 313 3690 υπὸ
340 3625 456 3684 terbum
486 3627 620 3706 requirit,
649 3629 730 3684 utin
750 3623 841 3684 Aiace
871 3645 897 3682 v.
917 3624 989 3686 494.
1021 3646 1103 3702 μημ
1104 3615 1261 3724 ’ἄξιοίσης

151 3704 234 3786 βάξιν
256 3703 388 3790 ἀλγεινὴν
413 3711 512 3789 λαβεῖν
539 3713 597 3770 τῶν
619 3715 678 3771 σῶν
696 3706 738 3772 ότι
739 3705 894 3812 ’ἐχθρῶν
932 3707 1019 3766 Etv.
1044 3706 1132 3807 1329.
1153 3699 1189 3765 οὐ
1205 3727 1259 3808 γαρ

126 3813 127 3816 ’
151 3787 284 3867 κλόοντές
306 3791 389 3871 ἔσμεν
410 3794 571 3874 αἰσχίστους
592 3789 707 3876 λόγους,
729 3789 800 3866 ι’ίναξ
811 3787 965 3866 Ὀδυσσεῦ,
985 3784 1104 3853 τοῦδ’
1084 3813 1127 3850 ιιιτ
1128 3783 1260 3894 ’ἀνδρὸς

152 3815 284 3976 ἆρτίωςςς
298 3875 372 3934 Et'
363 3897 392 3936 1n
414 3877 531 3938 Electra
551 3899 580 3936 v
599 3879 671 3940 552.
705 3877 778 3978 ἐρεῖς
804 3871 913 3979 μὲν’
872 3899 945 3979 ρυχι
964 3872 1072 3956 υῦνγέ
1093 3868 1123 3952 μ’
1148 3867 1187 3944 nic
1208 3869 1257 3951 iip-

152 3953 224 4028 ξασόι
242 3981 269 4018 τι
296 3957 484 4043 λυιτηρόυ,ε
472 3957 532 4023 εἶτα
553 3965 607 4025 σοῦ
627 3956 690 4022 τόδ’
717 3954 888 4038 ἕξήκουσ”
869 3980 936 4019 uno.
978 3957 1106 4038 Apparet
1127 3956 1257 4034 usurpari
1317 4015 1319 4026 ,

152 4038 223 4098 hanc
245 4041 377 4122 loquendi
399 4047 552 4118 rationem,
577 4063 661 4124 quum
684 4046 746 4124 quis
767 4042 873 4142 aliquid
894 4042 929 4100 de
951 4061 981 4100 se
996 4041 1071 4101 'vei'
1063 4061 1091 4099 in
1105 4059 1136 4099 se
1152 4039 1188 4098 ab
1205 4039 1257 4096 ali-

152 4141 206 4218 qpq
228 4122 332 4183 dictum
359 4128 447 4186 audit.
493 4127 576 4204 Quod
598 4149 654 4188 non
676 4125 780 4186 cadit
773 4147 801 4184 in
823 4127 897 4184 hunc
915 4125 1065 4222 ‘'locum,
1058 4145 1087 4182 ru
1109 4143 1164 4202 quo
1187 4123 1257 4180 nihii

151 4205 206 4261 nisi
227 4206 300 4265 uude
321 4213 431 4270 veniret
452 4232 544 4272 sermo
566 4211 744 4272 iudicandum
767 4221 845 4279 erat,
870 4209 923 4266 uisi
941 4210 1004 4286 quis
1019 4205 1255 4286 praepositionem

150 4307 206 4345 nou
229 4299 284 4346 tam
306 4295 399 4353 verbis
422 4315 504 4374 quam
527 4298 683 4356 sentcntiae
705 4288 942 4354 accommodatam
965 4302 1084 4358 statuat
1109 4290 1188 4368 quasi
1214 4289 1256 4346 di-

150 4391 215 4430 cere
231 4373 363 4436 soluerit·
386 4384 497 4459 πικρῶς
515 4378 654 4457 φέρουσιν
669 4375 769 4458 ὀρθῶς
784 4369 1045 4453 νουθετούμευοι
1026 4369 1085 4435 und
1104 4377 1161 4434 τῶν
1177 4371 1257 4432 ἐλασ-

150 4450 253 4518 σόνων.
306 4457 363 4518 Sed
392 4463 446 4521 hoc
476 4474 532 4520 tam
563 4465 679 4522 moleste
707 4461 828 4530 dictum,
860 4470 890 4516 ut
917 4479 971 4516 non
994 4449 1217 4516 dubitauerim''
1199 4477 1258 4515 αιιο

149 4541 284 4599 scribere
