2982 4948
664 319 714 394 67

235 491 388 598 άνδραίν
413 498 625 600 άφαιρεῖται
647 501 801 604 χρόνος,
829 503 854 579 oi
880 501 925 580 δ’
950 506 1063 609 άρετὰ

237 622 301 699 καὶ
326 626 487 722 θανοῦσι
513 620 658 722 λάμπει.

535 789 839 894 ὀντιστροφή.

235 933 405 1028 κρεῖσσον
427 927 469 1007 δὲ
494 929 605 1008 νίκαν
628 931 682 1032 μὴ
709 929 916 1020 κακόδοξον
937 937 1033 1032 ἔχειν

232 1051 256 1148 ἢ
281 1053 350 1138 ξὺν
375 1051 513 1158 φθόνῳ
540 1052 716 1157 σφάλλειν
740 1056 900 1160 δυνάμει
924 1091 964 1136 τε
989 1061 1111 1154 δίκαν.

233 1176 308 1276 ἡδὺ
328 1177 400 1276 μὲν
423 1179 497 1284 μὰρ
523 1179 658 1258 αὐτίκα
681 1191 794 1261 τοῦτο
817 1185 1021 1287 βροτοῖσιν,

231 1305 272 1379 ἐν
295 1302 337 1380 δὲ
358 1300 486 1407 χρόνῳ
508 1306 649 1383 τελέθει

140 1473 147 1487 -
230 1427 341 1528 ξηρὸν
364 1429 429 1505 καὶ
453 1430 633 1508 ὀνείδεσιν
657 1434 814 1535 ἔγκειται
840 1429 985 1533 δόμων.

228 1535 372 1630 ταύταν
397 1555 530 1652 ᾔνεσα,
556 1550 700 1632 ταύταν

229 1676 293 1752 ναὶ
317 1677 479 1778 φέρομαι
502 1676 651 1780 βιοτάν,

226 1801 347 1900 μηδὲν
370 1801 477 1892 δίκας
499 1807 569 1890 ἔξω
594 1801 731 1906 κράτος
755 1807 796 1883 ἐν
819 1805 1005 1907 θαλάμοις

225 1927 289 2004 καὶ
313 1925 415 2005 πόλει
436 1926 638 2008 δύνασθαι.

583 2077 768 2180 ἐπῳδός

230 2199 393 2304 ὦμὲρον
417 2201 593 2293 Αίαιιίδα,

127 2512 208 2581 οότοι
235 2519 361 2599 λείψανα
387 2525 445 2584 τῶν
473 2517 596 2605 ἀγαθάν
622 2518 738 2608 ὀνδράιν
759 2519 924 2606 άφαιρεῖται
950 2516 1059 2604 χρόνος.
1108 2521 1230 2582 Probori

128 2603 182 2662 boc
203 2615 308 2684 posset,
332 2607 358 2664 si
378 2601 460 2668 οότιοι
481 2608 663 2668 scriberetur.
708 2606 767 2668 Sed
788 2628 844 2668 nou
865 2625 935 2687 opus
956 2607 1144 2672 correctione.

208 2704 280 2766 761.
325 2705 533 2766 Valckenarius
554 2705 591 2766 od
608 2705 720 2766 Pboou.
737 2707 811 2770 277.
835 2728 864 2787 p·
883 2705 954 2770 luo.
979 2717 1009 2766 ολ
1023 2703 1158 2766 Roiskius
1174 2702 1231 2769 κάν

125 2791 254 2847 θανοῦσι
274 2788 360 2846 scribi
380 2789 540 2848 volucrunt.
585 2790 665 2848 Libri
686 2809 784 2849 omues
804 2789 854 2852 ιιαλ
873 2795 1013 2865 θανοῦσι,
1036 2801 1066 2848 ct
1085 2787 1230 2850 Maximus

127 2868 251 2928 Stobcco
272 2868 419 2932 adiunctus
440 2892 469 2949 p.
492 2875 521 2934 1.
544 2873 593 2950 qui
613 2873 684 2930 hooc
705 2872 740 2930 ab
762 2867 843 2934 οότοι
863 2873 955 2931 affert.
998 2873 1042 2931 lbi
1058 2875 1087 2934 iu
1104 2875 1231 2952 murgiuc

126 2962 252 3010 notatum
273 2952 344 3011 alios
365 2958 548 3015 αατθανοόσι
569 2953 685 3012 habore.
1223 2979 1225 2984 ·

208 3049 281 3111 762.
324 3050 394 3110 Pur.
417 3051 455 3112 Ε.
473 3051 559 3114 Losc.
584 3053 716 3112 omittunt
736 3049 817 3131 ἔχειν.
860 3052 1035 3112 Scholiostcs
1057 3050 1121 3112 cod.
1138 3053 1227 3113 Taur.

125 3125 146 3210 ἦ
165 3125 321 3214 Ἑρμιόνη,
349 3135 377 3198 εί
395 3131 553 3214 ἐφόνευσεν
573 3131 683 3215 αὐτόν,
707 3130 802 3214 κακὴν
821 3133 872 3196 nub
892 3129 997 3209 ὀδοξον
1016 3135 1103 3214 νίκην
1123 3131 1230 3214 ὀιτιεφό-

125 3235 205 3295 ρετο,
224 3212 288 3296 ἥτις
308 3213 429 3298 δυνάμει
448 3218 499 3281 καί
518 3220 667 3302 τυραννίδι
687 3214 807 3297 σφάλλει
825 3212 858 3280 ci
879 3219 1000 3280 δίκαιον.
1041 3218 1126 3278 Aitcr
1146 3221 1230 3280 scbo·

127 3298 225 3356 iiastcs
246 3303 342 3360 ucscio
363 3321 399 3362 ou
419 3309 551 3384 κρεῖσσον
572 3300 604 3362 δέ
624 3300 654 3384 γ’
678 3293 773 3382 ἧσσαν
793 3303 914 3380 legerit,
945 3321 1028 3382 quom
1054 3323 1155 3365 vocom.
1172 3323 1228 3362 uon

126 3379 184 3440 vidi
211 3381 283 3460 opud
313 3387 448 3463 tragicos.
500 3385 550 3444 Sic
579 3386 654 3444 cuim
679 3386 727 3444 illo
748 3385 864 3446 scribit:
895 3383 1007 3464 βέλτιον
1034 3386 1154 3458 δικαίας
1181 3381 1229 3464 ἡτ-

124 3468 251 3540 τᾶσθαι,
277 3462 352 3550 ἥπερ
372 3468 559 3550 θαρροῦντας
577 3467 721 3552 βασκανία
742 3467 792 3530 sod
813 3462 934 3548 δυνάμει
952 3463 1111 3550 παραλύειν
1131 3464 1164 3536 τό
1186 3468 1230 3530 δί-

123 3571 217 3612 ιιαιον.

206 3648 279 3712 764.
323 3646 390 3709 ΑΙό.
413 3650 477 3710 roll.
500 3645 559 3730 ἡδὺ
579 3649 632 3731 μὲν
652 3646 756 3713 αότίιια
776 3655 862 3714 τοῦτο
887 3652 1052 3733 βροτοῖσιν.’
1090 3607 1229 3712 Εαεείει

125 3729 208 3790 codd.
231 3751 329 3792 omncs
348 3725 408 3812 ἦόὀ
428 3730 480 3812 μὲν
499 3729 554 3817 γὰρ
575 3730 686 3797 αότλιια.
730 3733 917 3795 Scriboudum
939 3734 1052 3796 videtur
1071 3730 1201 3814 μὲντόιρ’.

206 3831 280 3892 766.
323 3829 393 3891 Ald.
417 3833 481 3892 reli.
514 3831 546 3894 ἐν
574 3832 607 3896 δὲ
633 3829 727 3919 χρόνῳ
753 3831 863 3895 τελέθει
888 3829 988 3916 ξηρόν·
1014 3833 1065 3896 καλ
1093 3828 1151 3913 μὴν
1179 3833 1230 3894 καὶ

126 3906 266 3973 ὀνείδεσιν
287 3913 408 3994 ἔγκειται
430 3912 536 3996 δόμων.
584 3917 669 3976 Lusc.
698 3928 728 3976 ct
754 3915 836 3976 codd.
861 3935 957 3976 omues
979 3937 1034 3975 uon
1057 3916 1161 3974 habeut
1180 3915 1232 3977 καὶ

126 3989 199 4072 μήν,
223 3993 273 4052 scd
293 3995 362 4057 Por.
384 3998 424 4058 A.
449 4001 485 4060 Β.
509 3999 546 4061 Ε.
571 4001 651 4061 ΕΙοε.
674 4002 706 4062 2.
732 4003 782 4063 16.
805 3999 894 4058 Taur.
919 4000 1014 4058 (iucif.
1038 3999 1117 4060 Vict.
1141 3999 1227 4058 Luso.

124 4075 175 4136 καὶ
195 4071 336 4138 ὀνείδεσιν
356 4080 477 4162 ἔγκειται
498 4080 605 4164 δόμων.
641 4083 721 4143 Flor.
737 4082 776 4144 A.
801 4083 889 4146 είιιετε
909 4101 960 4161 pro
981 4081 1110 4165 λίμιειται.
1146 4078 1227 4142 Fior.

127 4159 178 4220 10.
201 4158 252 4220 καί
281 4156 407 4223 ὀνείδεσι
433 4168 514 4248 νείκη
541 4191 571 4231 τε
600 4164 705 4248 δόμων.
749 4167 844 4226 Hcvn.
868 4159 979 4244 ὀφαυες
1003 4163 1053 4228 uod
1081 4161 1228 4227 ὀνείδεσιν.

127 4239 244 4300 Ccutcri
265 4245 458 4306 coniecturum·
476 4246 589 4326 ὀνειδος
609 4254 717 4332 reecpit
737 4250 903 4320 Borucsius‚
927 4259 956 4308 ct
977 4250 1024 4329 qui
1044 4269 1080 4308 cx
1096 4248 1229 4326 Μαυρου-

124 4326 162 4385 vii
178 4328 318 4386 scutoutia
333 4327 422 4388 edidit
436 4331 486 4392 uod
508 4330 566 4414 μὴν
581 4335 632 4398 καὶ
652 4331 765 4408 ὀνειδος
782 4328 909 4416 άμιειται
923 4327 1031 4412 δόμων,
1054 4332 1226 4392 Bruuckius.

207 4426 281 4489 769.
323 4425 392 4487 ΑΙδ.
418 4429 481 4490 roll.
505 4428 616 4513 κράτος.
659 4434 727 4494 Pur.
752 4433 791 4493 A.
815 4431 852 4492 Ε.
877 4431 956 4493 Flor.
980 4432 1019 4492 A.
1038 4431 1118 4492 Vict.
1141 4431 1226 4492 Laso.

125 4503 257 4592 κράτους.

1060 4615 1113 4678 5*

1247 536 1311 602 760
