2982 4948
93 556 250 653 καλιὴν
276 561 316 634 ἐν
341 563 454 646 οἴκοις
478 561 548 659 σὴν
573 561 793 660 καταστήσει
818 561 953 665 κόρην,

93 688 150 757 κεί
172 683 252 782 τρὶς
276 682 393 770 νόθος
417 687 570 788 πέφυκει
611 687 853 775 πολλοίκιςδί
872 721 931 767 τοι
1067 773 1093 803 ‚s
1155 789 1162 801 ,
1233 747 1237 758 ·

11 831 14 834 ·
68 799 185 907 “ξηροὶ
208 810 374 905 βαθεῖαν
398 820 473 916 γῆν
495 813 637 910 ἐνίκησε
663 813 805 914 σπσροί,Ι
844 879 848 885 .
908 799 1023 886 στιν-ί
1041 802 1113 921 ass}

92 928 204 1008 νόθοι
228 962 268 1010 τε
284 937 418 1013 πολλοὶ
442 937 607 1043 γνησίων
632 938 831 1037 ἀμείνονες.
1082 975 1085 982 ·

93 1057 179 1132 ἀλλ’
205 1061 402 1160 ἐκκομίζου
428 1049 557 1140 παῖδα.
591 1061 725 1141 mittor
749 1065 901 1165 βροτοῖς

93 1181 229 1278 πένητα
250 1175 417 1286 χρηστὸν
437 1187 462 1284 ἢ
486 1187 606 1266 κακὸν
625 1188 689 1266 καὶ
702 1187 892 1267 ’πλούσιον
982 1259 986 1264 .
1098 1245 1100 1248 -

90 1307 269 1412 γαμβρὸν
293 1317 484 1390 πεπᾶσθαι
504 1314 568 1392 καὶ
591 1314 722 1417 φίλον·
750 1314 797 1390 οὐ
824 1313 849 1390 d
854 1315 865 1342 ³
887 1312 999 1391 οὐδὲν
1023 1313 1065 1388 εί.

535 1519 617 1592 XO
625 1518 757 1592 ΡΟΣ.

93 1651 252 1741 σμικρᾶς
277 1645 345 1722 ἀπ’
372 1647 487 1746 ἀρχῆς
511 1657 632 1735 νεῖκος
657 1642 875 1747 ἀνθρώποις
898 1648 996 1751 μέγα

90 1770 232 1869 φλῶσν
258 1771 457 1872 ἕκπορίζει·
476 1751 593 1852 τοῦτο
616 1774 655 1852 (λ’Δ
682 1775 718 1851 οἱ
743 1770 854 1874 σοφοὶ
877 1773 1028 1874 βροτῶν

91 1893 395 1994 ἐξευλαβοῦνται,
423 1897 476 1996 μὴ
496 1899 616 2002 φίλοις
638 1897 783 1998 τεύχειν
808 1901 898 1998 ἔριν.
948 1919 951 1926 ’

470 2107 520 2175 Μ
525 2107 604 2176 ΕΝ
606 2102 685 2175 ΕΣΛ
690 2102 825 2176 ΑΟΣ.
873 2128 875 2134 ·

87 2227 128 2303 τί
153 2227 314 2325 δῆτ’ίίν
340 2237 451 2318 εἴποις
474 2234 563 2320 τούς
586 2234 762 2337 γέροντας
786 2233 837 2318 ὥς
862 2230 992 2338 σοφοί)
1091 2253 1094 2260 '

89 2353 156 2430 και
179 2354 267 2440 τοὺς
291 2364 444 2512 φρονεῖν
466 2358 698 2444 δοκοῦνταςτ
698 2359 856 2456 Ἐλλησίν
880 2386 992 2449 ποτε,
1043 2403 1046 2410 ·

21 2512 23 2516 ·
91 2479 152 2556 ὅτ’
176 2479 231 2560 ὢν
257 2479 304 2559 σύ
328 2482 494 2580 Πηλεύς,
519 2485 584 2561 καὶ
608 2482 747 2639 πριτρὸς
771 2492 916 2562 κλεινοῦ
943 2479 1106 2587 γεγώς,

90 2604 202 2702 endec
211 2586 411 2774 ξτνοίφοις,
438 2601 573 2713 οιίσχρᾶ
598 2610 671 2712 μὲν
696 2619 822 2713 σαοτῳ
847 2610 960 2713 λέγεις
1191 2627 1270 2718 ’635

175 2938 248 3001 623.
291 2935 361 3020 Atd.
388 2938 452 2997 retl.
475 2936 524 3000 πεί
539 2961 590 3012 τις.
628 2937 714 2998 Lase.
740 2949 770 2997 et
788 2939 916 3019 plerique
936 2939 1020 3001 codd
1043 2942 1091 3004 ιιεί
1107 2940 1178 3023 ιρις.

173 3011 360 3109 624.A1d
385 3046 449 3105 rell.
473 3045 569 3107 Guelf.
592 3046 687 3106 Havn.
712 3046 871 3107 Florentini
891 3058 949 3107 tres
973 3043 1074 3130 σπορά.
1113 3049 1199 3110 Lasc.

91 3127 161 3186 Par.
186 3128 226 3187 A.
249 3127 329 3188 Flcr.
354 3128 395 3188 A.
421 3134 523 3216 σπορᾷ.

174 3237 248 3300 626.
292 3235 378 3296 Lasc.
399 3236 469 3298 Ald.
492 3238 556 3298 rell.
579 3237 648 3296 Par.
670 3235 709 3297 Ε.
735 3230 847 3299 adduce.
898 3235 968 3298 Par.
990 3237 1030 3298 A.
1057 3237 1093 3298 Β.
1117 3238 1200 3298 Flor.

91 3317 131 3378 A.
147 3318 199 3382 10.
218 3321 269 3383 15.
298 3319 393 3379 Havn.
419 3317 562 3383 κύδιστον.
600 3321 781 3400 Hesychius.
812 3314 931 3397 κίδιον,
957 3328 1098 3404 κρεῖττον,
1126 3322 1202 3404 αίρε

91 3395 222 3483 τοίιερον.
265 3402 323 3477 Qui
344 3423 428 3481 quum
451 3402 523 3463 haud
545 3423 636 3484 pauca
659 3422 694 3462 ex
717 3401 966 3464 Andromacham
991 3406 1102 3465 lexicon
1118 3425 1200 3464 suum

92 3488 249 3569 receperit,
273 3487 386 3545 firmare
404 3485 516 3546 videtur
532 3488 675 3566 vulgatam
698 3488 877 3566 scripturam.

174 3595 247 3659 635.
291 3594 493 3673 Musgrevius,
531 3593 664 3674 frigidum
696 3605 726 3654 et
757 3596 883 3674 ineptum
913 3613 976 3653 esse
1003 3606 1080 3656 ratus
1109 3597 1201 3677 κῆδοςΙ

92 3673 250 3782 ἐνράψας,
277 3679 332 3738 nisi
356 3679 438 3782 quale
462 3678 506 3738 vel
533 3699 596 3738 cunr
621 3679 786 3764 quibusnam
808 3676 978 3750 adderetur,
1018 3681 1197 3754 coniiciebat,

93 3756 136 3822 στ’
156 3785 198 3822 ων
218 3756 255 3828 cd
272 3765 389 3841 Πηλευς
408 3759 459 3824 καί
478 3757 587 3842 πατρὸς
606 3755 731 3838 κλείνοῦ,
751 3767 835 3834 θεοῖς
854 3761 945 3841 κῆδος
962 3757 1104 3840 ξυνάψας,
1125 3726 1200 3843 quod

93 3863 172 3903 more
195 3865 245 3904 suo
271 3848 380 3926 recepit
400 3846 572 3906 Brunckius.
619 3844 668 3904 sic
690 3846 802 3946 quidem
824 3845 947 3906 scribere
970 3845 1122 3925 Euripides
1143 3869 1199 3907 nen

93 3927 203 4008 potuit,
228 3929 282 3988 nisi
306 3931 330 3988 si
354 3930 482 4027 cppulam
505 3927 636 3990 adderet:
676 3932 754 4008 atqui
775 3930 840 3988 huic
864 3949 915 4008 per
937 3940 1054 3987 metrum
1077 3950 1132 3988 non
1157 3941 1201 3988 est
1289 3969 1295 3982 .

94 4012 184 4070 loeus.
224 4011 379 4071 lacobsio
371 4035 400 4073 ιιι
417 4009 501 4072 Curis
525 4013 700 4093 secundisp.
720 4014 771 4076 62.
796 4032 867 4071 unus
890 4012 996 4070 alterne
1019 4031 1118 4072 versus
1134 4023 1200 4072 ante

94 4093 164 4153 illud
184 4096 275 4174 κῆδος
295 4083 429 4174 ξτνᾶφας
452 4096 628 4157 intercidisse
653 4096 817 4157 videbatur.
844 4096 890 4153 eui
914 4094 1099 4154 assentientes
1122 4095 1201 4154 Mat-

94 4177 171 4237 thiae
198 4178 302 4257 aliique
335 4179 451 4240 lacunae
486 4183 567 4259 signa
597 4191 762 4261 posuerunt.
819 4178 1021 4278 Lentingius
1013 4199 1042 4236 ιιι
1063 4179 1199 4240 librorum

94 4262 217 4322 lectione
241 4263 423 4342 acquiescens
447 4265 601 4342 significari
629 4275 710 4345 putat
729 4262 793 4343 ἐμοὶ
815 4261 906 4341 κῆδος
928 4256 1068 4337 ξυνάψας.
1119 4261 1199 4320 ld
1175 4284 1200 4321 sr

93 4345 282 4425 explicasset,
303 4347 409 4405 rectius
424 4347 556 4419 fecisset,
581 4369 663 4428 quam
686 4347 759 4446 quod
779 4366 847 4416 eos,
871 4344 919 4423 qui
943 4345 1026 4403 aliter
1049 4347 1198 4420 sentirent,¹

93 4431 178 4492 nimis
202 4430 346 4507 elegantes
370 4432 490 4490 vocavit.
543 4430 625 4490 Nihil
653 4433 728 4491 eninr
758 4427 944 4509 impediebat,
978 4429 1045 4507 quin
1070 4429 1200 4490 Thetidis

94 4514 265 4574 connubium
290 4513 337 4572 hic
357 4525 634 4585 commemoraretur,
658 4512 741 4574 nrodc
765 4511 794 4571 id
816 4521 904 4583 recte,
928 4531 980 4571 nee
997 4513 1049 4584 sic,
1070 4524 1101 4571 ut
1117 4511 1200 4574 Mus-

93 4600 195 4678 gravic
226 4598 350 4680 placuit,
383 4596 564 4660 adiiceretur.
618 4597 685 4658 Non
707 4608 751 4658 est
774 4607 866 4657 tamen
888 4616 973 4677 opus,
1009 4597 1199 4658 utercidisse
