2982 4948
648 273 701 368 'tr

533 504 804 604 ιιιιΛιιιΣ.

519 682 818 784 άντιστροφή.

220 843 417 950 ὦμάμος,
444 845 475 924 ὦ
501 846 639 951 γάμος,
672 850 714 932 ὃς
737 846 829 926 τάδε
855 849 1014 948 δώματα
1083 933 1087 944 ,

120 1049 121 1053 ,
219 971 283 1046 καὶ
307 969 415 1048 πόλιν
437 975 597 1061 ὤλεσας,
622 975 788 1062 ὤλεσας,
807 973 930 1073 άμάν,
1056 985 1066 994 ’

219 1102 320 1192 αἰαῖ,
346 1103 444 1186 αλαῖ,
470 1095 501 1172 ὦ
523 1104 610 1185 παῖ,

216 1218 358 1317 μήποτε
385 1229 463 1298 σῶν
488 1221 623 1318 λεχέων
647 1222 692 1296 τὸ
718 1220 945 1319 δαςιόνυμον

218 1345 337 1444 ὤφελ’
364 1344 445 1442 ἐμοὶ
466 1346 578 1448 μόρας
602 1353 653 1431 εἷς
674 1347 786 1423 τέκνα
809 1347 874 1422 καὶ
898 1345 1018 1446 δόμον
1070 1331 1071 1336 ¹

218 1468 504 1568 ἀμφιβαλέσθαι

212 1588 407 1690 Ἑμμιόνας
431 1593 546 1669 otton
571 1593 630 1668 ἐπὶ
651 1592 728 1683 σοὶ,
754 1593 902 1684 τέκνον,

200 2007 292 2070 1155.
336 2004 406 2064 ΑΙδ.
437 2007 501 2066 rell.
531 1995 556 2068 oi
576 2001 682 2089 γάμος,
712 1995 737 2068 ὦ
757 1999 865 2086 γάμος,
898 2000 932 2078 ὃς
951 2001 1019 2066 τάδε
1041 2001 1158 2110 δόματα
1178 2007 1229 2068 καὶ

116 2082 238 2149 πόλιν’
223 2085 301 2167 αμδιν
322 2084 438 2161 ὤλεσας.
480 2089 566 2147 Lasc.
589 2101 618 2147 ct
639 2089 768 2167 plerique
782 2088 857 2146 Mss.
852 2083 957 2191 ἐμάν.
1001 2087 1098 2148 Ριο
1081 2113 1116 2162 ος
1133 2101 1226 2148 autern

117 2169 187 2230 Par
210 2171 250 2230 D.
274 2171 369 2230 Havn.
394 2167 469 2242 ιός.Ι
486 2171 620 2230 hennae
646 2173 727 2249 signa
754 2181 819 2230 ante
841 2160 866 2232 ὦ
888 2166 981 2252 γάμος
1000 2171 1141 2231 Matthiae
1164 2173 1227 2232 alii·

118 2273 173 2331 que
199 2263 364 2351 posueruut.
408 2253 491 2312 Nihil
513 2251 610 2326 deest,
643 2253 693 2313 sed
715 2256 923 2332 strophicorum
945 2265 1098 2316 metrorum
1120 2255 1226 2316 indicio

117 2332 226 2409 όόλισας
247 2337 418 2414 geminatum
441 2347 506 2394 ante
528 2331 607 2414 ἆμὰν
627 2348 690 2396 crat
709 2335 915 2396 collocandum.

201 2454 293 2516 1157.
336 2449 406 2510 ΑΙδ.
429 2463 530 2532 quater
549 2445 588 2514 αἶ.
631 2452 716 2512 Lasc.
741 2464 771 2512 ct
791 2451 875 2512 codd.
898 2447 935 2514 αἴ
951 2447 987 2514 αἶ
999 2451 1059 2516 ld.

200 2568 293 2630 1158
337 2565 437 2626 Libri.
461 2563 571 2670 μήποτε
591 2571 652 2628 σῶν
671 2563 823 2646 λεχέων
793 2591 826 2630 το
849 2563 1021 2673 διιςμόνυμον
1041 2561 1133 2646 ωφελ’
1155 2562 1227 2646 ἐμὸν

116 2645 198 2731 γένος
219 2647 364 2722 etcaduca
384 2649 435 2712 noel
460 2647 553 2730 δόμον
573 2646 791 2730 ἀμφιβαλέσθαι
809 2647 963 2731 Ἑρμιόνος
978 2646 1081 2711 Ἀΐδαν
1102 2648 1150 2711 ἐπὶ
1170 2649 1226 2725 ool,

116 2729 234 2806 τ,έιινον
256 2732 310 2790 uisi
332 2732 408 2813 quod
428 2735 509 2794 Flor.
530 2732 570 2792 A.
592 2735 641 2796 10.
659 2733 747 2792 Taur.
768 2735 863 2794 Guelf.
890 2735 986 2794 Havn.
1008 2729 1120 2810 όόφιιλῖ.
1163 2734 1226 2792 Ho-

117 2834 179 2874 ram
201 2815 229 2871 in
250 2814 439 2892 explicatione
466 2816 614 2875 verborum
636 2836 692 2873 nou
715 2817 870 2874 mirandum
893 2816 1032 2896 estquod
1054 2828 1083 2875 et
1104 2815 1226 2876 scholiu-

117 2907 177 2955 stne
192 2894 274 2956 valde
290 2896 466 3002 trepidarunt
481 2917 533 2956 nec
549 2897 722 2956 recentiores
738 2899 908 2976 interpretes
927 2917 957 2956 se
977 2898 1111 3000 expedire
1126 2911 1225 2976 potue-

116 2991 193 3038 runt.
234 2973 320 3057 Ἐμοὶ
335 2979 437 3038 Bechii
458 2982 622 3038 coniectura
640 2989 694 3038 est
739 2978 822 3039 Unde
839 2980 960 3039 Bothius
976 2975 1071 3080 ιόφελὲ
1088 3003 1138 3058 μοι
1154 2983 1225 3038 scri-

117 3063 183 3164 psit,
201 3063 242 3120 sic
257 3061 344 3121 verba
359 3065 485 3122 construi
501 3063 609 3134 volens,
633 3084 741 3168 μηποιε
753 3060 836 3144 μένος
856 3067 917 3124 σῶν
931 3061 1041 3140 λεχέων,
1062 3057 1225 3166 Ἑρμιόνος,

115 3140 149 3206 τὸ
171 3139 342 3223 δοςωνομον
363 3145 404 3218 εἰς
425 3143 510 3207 alnoo
524 3144 575 3206 καὶ
590 3140 692 3245 δόμον,
713 3141 932 3226 ἀμφιβαλέσθαι
950 3141 1060 3223 ὤφελεν
1076 3141 1163 3206 ἀΐδαο
1179 3144 1226 3206 en

117 3227 181 3302 ool,
203 3227 232 3285 id
253 3239 284 3286 ut
305 3229 357 3300 sit,
379 3249 473 3306 genas
492 3239 558 3288 tuae
574 3230 721 3305 conteges,
745 3233 930 3299 Hermrones,
954 3229 1141 3308 enfaastnml
1127 3229 1226 3288 liberis

1235 868 1318 930 1155

117 3321 147 3370 et
168 3274 228 3369 lota
244 3313 336 3382 donno,
355 3322 477 3390 propter
495 3315 613 3372 Oresten
630 3321 660 3370 et
674 3313 819 3372 Electram
835 3314 1014 3382 matricidae,
1030 3314 1141 3388 Pelopis
1155 3331 1226 3389 per·
1305 3331 1308 3338 ·

106 3393 232 3491 fidram,
254 3391 346 3452 Αιιω
366 3396 580 3466 cradelrtatcm,
603 3395 825 3470 Agamemnonis
847 3404 877 3453 et
899 3397 1029 3454 Menelai
1048 3394 1149 3453 bellam
1170 3395 1225 3452 da-

117 3477 258 3535 rrssr‘mnm
280 3477 418 3535 aduersas
438 3479 562 3536 Trotam.
607 3475 672 3534 Hoc
692 3473 804 3557 quidem
826 3477 888 3536 lieri
905 3497 960 3534 non
977 3486 1080 3554 potest,
1105 3495 1160 3532 non
1178 3495 1224 3533 so-

118 3558 176 3617 lum
197 3569 313 3638 propter
334 3560 417 3617 nimis
439 3557 538 3617 durum
555 3559 747 3662 hyperbaton,
772 3561 898 3638 quamvis
919 3560 1003 3618 ctiam
1020 3558 1055 3617 ab
1072 3551 1224 3617 scholiasta
1298 3619 1306 3643 ἢ

117 3638 284 3714 admissum,
310 3659 365 3720 quo
388 3642 448 3703 σῶν
468 3640 570 3740 λιχέων
587 3661 639 3721 per
653 3637 807 3723 Ἑρμιόνας
823 3643 996 3721 explicetur,
1020 3661 1116 3701 rernm
1139 3642 1223 3699 etiam

118 3721 209 3800 quod,
233 3725 258 3782 si
278 3723 396 3783 Atridas
413 3726 589 3803 maximeque
606 3725 759 3784 Oresten
751 3748 779 3784 ιιι
796 3737 889 3785 mente
914 3725 999 3784 hahet
1019 3714 1134 3796 Peleds‚
1160 3743 1223 3782 eum

118 3805 165 3865 hic
194 3806 287 3885 inepte
318 3803 491 3886 δυςοόνιιμον
520 3807 561 3880 εἰς
581 3805 666 3868 τέκνα
686 3806 736 3869 καὶ
757 3804 850 3886 δόμον
871 3819 996 3867 locaret.
1041 3808 1114 3867 Vitii
1136 3807 1225 3884 potis-

118 3889 191 3946 sima
216 3888 297 3948 sedes
328 3903 425 3970 aperte
453 3891 556 3948 latet'
548 3911 577 3948 ιιι
598 3889 693 3971 μ,ένος
723 3889 798 3970 quod
825 3910 877 3950 nec
900 3891 934 3951 do
955 3889 1089 3950 Menelao
1110 3907 1163 3948 nec
1188 3887 1223 3947 de

118 3969 307 4071 Neoptolemo
339 3973 400 4033 dici
423 3975 548 4053 potuisse
577 3984 704 4051 apertum
732 3985 786 4032 est.
835 3973 868 4033 ld
898 3971 1077 4032 scribendum
1098 3982 1142 4029 est
1163 3974 1225 4032 onir

118 4047 270 4149 λεχέων
241 4075 274 4114 το
296 3996 465 4135 διιςάνυμον
485 4054 601 4138 ἒέμολ
569 4080 587 4138 y
601 4079 654 4136 ρας
673 4055 759 4129 εἰςέ
728 4077 746 4118 τ
759 4081 814 4118 nvo
828 4079 879 4118 ιιαι
867 4050 993 4134 δόμον.
1035 4054 1080 4114 Ea
1097 4064 1140 4112 est
1156 4053 1224 4112 mali

119 4136 221 4193 ominis
243 4155 344 4194 nomen
365 4139 471 4198 habens
492 4138 711 4212 Andromacha,
740 4158 812 4219 qnae
833 4138 1023 4216 Neoptolemo
1044 4135 1129 4218 γέρας
1150 4135 1199 4209 ἐξα
1200 4135 1224 4195 l-

118 4239 216 4300 ρειον,
240 4219 389 4282 utv.14.
413 4219 598 4294 dictumest,
624 4222 774 4300 obtigerat.
819 4221 918 4300 ltaque
940 4223 994 4279 hoc
1011 4219 1081 4279 dicit
1096 4218 1221 4284 Peleus.

118 4302 227 4361 ιιιίιιαιιι
248 4321 284 4360 ne
305 4303 379 4360 male
400 4305 551 4364 ominatum
570 4308 676 4366 mr'lri'
662 4327 690 4366 ιιι
708 4308 813 4366 llberos
829 4315 860 4364 et
873 4306 987 4364 deornm
1000 4323 1088 4362 meam
1107 4304 1168 4361 tom
1182 4304 1228 4360 tra

114 4385 274 4462 μιαιιιιίαιιι
295 4403 391 4444 necem
416 4385 453 4444 ab
473 4389 626 4449 Hermanno
651 4391 855 4450 destrhatam
841 4409 869 4448 m
893 4399 921 4448 te
937 4389 1150 4458 transtulisset,
1174 4385 1226 4443 sed

114 4469 199 4545 proies
211 4465 339 4546 snlmr'ne
354 4487 522 4546 percussum
543 4472 695 4534 interesset.

158 4563 387 4628 Ειιιιιιιιιιι
409 4566 635 4630 Andromache.
1002 4573 1024 4631 7
