2982 4948
115 493 211 596 πρὸς
232 493 376 569 τέκνων
400 490 562 600 άπηόρα.

117 623 228 707 θεοῦ,
255 621 351 695 thou
375 648 436 697 νιν
460 619 634 716 κέλευσμ’
660 616 871 720 ἐπεστράφη
933 635 934 640 ’

113 740 372 842 μαντόσυνον,
401 744 463 820 ὅτε
487 771 549 856 νιν
570 739 751 846 Ἀργόθεν
776 745 973 843 πορευθεὶς

109 865 398 972 Ἀγαμεμνόνιος
422 868 539 967 κόλωρ

46 1095 51 1105 1
114 991 268 1070 άάότων
293 993 426 1091 ἐπιβάς
449 995 603 1070 ἔκτανεν
609 1048 621 1081 ,
642 989 786 1091 ματρὸς
806 991 962 1092 φονεύς,

114 1117 146 1194 ὥ
170 1118 328 1218 όαῖμον,
356 1116 387 1194 ol
413 1118 552 1215 Φοῖβε,
573 1125 653 1201 πῶς
677 1115 879 1214 acteonem

474 1299 772 1400 άντεοτροφὴ
806 1297 864 1398 β’.

112 1433 244 1510 πολλαὶ
268 1433 308 1510 d’
336 1433 400 1511 ἀν’
422 1431 617 1511 Ἑλλάνων
643 1430 805 1540 ἀχόρους
827 1437 1012 1532 στοναχάς

110 1530 294 1687 mmm
320 1553 521 1634 δυστάνων
545 1557 682 1633 τεκέων
708 1559 835 1654 ἄλοχοι
843 1612 857 1646 ,

111 1827 185 1897 suit,
208 1825 399 1902 nonnullaque
420 1835 526 1884 temere
547 1823 674 1883 mumvit.
719 1823 778 1881 lam
801 1823 867 1882 olim
886 1821 962 1895 dixi,
992 1824 1098 1904 βέβακε
1119 1828 1222 1888 referri
1289 1893 1291 1897 ,

111 1907 147 1968 ad
169 1927 365 1989 praegressum
383 1907 518 1986 βεβᾶσιν,
545 1917 679 1984 recteque
700 1906 825 1983 singulas
844 1907 974 1986 strophas
995 1928 1060 1969 suos
1082 1909 1160 1968 locos
1180 1921 1222 1968 te-

112 2012 195 2064 nere,
219 1992 429 2069 sententiasque
450 1992 535 2048 totius
557 1990 689 2048 carminis
711 1985 867 2066 procedere
888 1989 942 2046 hoc
963 1989 1063 2048 nouo:
1084 2011 1139 2050 cnr
1154 2013 1223 2052 con·
1324 2026 1329 2030 -

111 2078 235 2134 ditono
253 2076 331 2134 υολίε
351 2076 464 2132 Τνοίοω
481 2073 647 2132 delectetis?
668 2090 721 2129 cur
735 2069 857 2143 ‚frustra
872 2073 978 2130 sinistis
996 2087 1131 2151 pugnare
1152 2079 1222 2136 Tro-

110 2159 212 2218 ianos?
236 2159 310 2216 unde
327 2157 493 2214 occiderunt
508 2155 544 2213 ob
560 2157 602 2213 Ilo
619 2154 737 2211 oriundi
748 2173 851 2230 reges,·
872 2156 977 2214 occidit
991 2159 1075 2215 etrum
1089 2149 1220 2233 Aerulos,

110 2243 192 2300 ωαάε
219 2240 333 2299 caedem
357 2240 433 2296 ultus
457 2247 502 2296 est
514 2238 618 2316 filr'os3
648 2238 807 2314 multaeque
835 2237 864 2295 in
892 2238 1018 2298 Graecia
1042 2259 1149 2299 υωονεε
1170 2253 1223 2300 out
1333 2233 1341 2248 ⁴

100 2324 186 2402 stlr'os
212 2325 366 2391 Ιυωωααλ,
389 2330 441 2379 out
461 2321 502 2378 od
524 2321 597 2379 oleos
620 2328 821 2377 concesserunt
843 2323 980 2380 mutulos.-
1002 2341 1059 2382 non
1080 2324 1135 2382 te'bc'
1152 2327 1217 2394 soli,

109 2407 284 2476 Hermione,
314 2405 385 2463 doec
410 2423 474 2462 sors
500 2404 640 2478 coauget,
667 2402 720 2462 sed
740 2412 800 2461 tolo
827 2405 950 2464 Graecia
975 2405 1105 2476 loborat,
1130 2408 1220 2483 Phry-

107 2507 232 2568 gemque
256 2489 354 2547 clodos
377 2487 406 2545 in
428 2487 488 2544 αἀε
508 2488 590 2562 agris
611 2483 715 2566 οβαόά
735 2486 862 2543 caedem.

192 2586 284 2649 1003.
329 2583 410 2644 Libri
437 2581 484 2646 ὅτε
510 2607 571 2660 νιν,
594 2581 675 2648 uude
703 2584 844 2644 Heathius
869 2605 897 2643 v.
917 2581 1010 2648 l005.
1036 2579 1165 2646 κτεάνων
1190 2587 1218 2643 in

109 2667 225 2730 ἔκτανεν
246 2670 348 2728 mutari
368 2670 461 2728 iussit.
506 2667 652 2728 Seidlerus
674 2662 771 2728 ἔκταν’
796 2663 839 2729 ὢν
859 2663 967 2750 μακρὸς
982 2664 1099 2746 φονεύς.
1143 2668 1219 2728 Can·

109 2763 186 2812 torus
206 2763 236 2810 et
252 2752 434 2830 Musgravius
457 2747 474 2812 ‘o'
494 2774 524 2812 ce
541 2755 604 2812 νῦν.

193 2850 286 2922 1007.
331 2847 400 2907 Ald.
423 2847 493 2907 Par.
517 2849 557 2906 D.
580 2849 617 2908 E.
640 2849 720 2906 Flor.
742 2847 782 2906 Α.
801 2848 896 2908 llavn.
921 2849 1017 2908 Guell.
1039 2849 1128 2908 Taur.
1150 2854 1218 2910 νεολ-

108 2931 156 2994 tot
182 2927 209 2993 δ’
238 2927 275 2992 dv
298 2925 443 2991 Ἑλλάνων
468 2925 585 3011 ἀγοραὶ,
613 2925 738 3010 ἀχόρους
763 2925 909 3008 στοναχάς.
953 2930 1002 2988 Sic
1023 2932 1107 2988 etiam
1129 2930 1214 2992 Lasc.

107 3017 188 3075 Vict.
220 3013 271 3073 scd
299 3009 345 3073 ἄν’
377 3012 529 3084 hahentes,
559 3024 589 3072 et
615 3009 745 3074 tutona
766 3013 815 3073 10.
837 3015 886 3074 λδ.
910 3013 938 3070 in
962 3011 1063 3090 quihus
1091 3005 1218 3092 ἀγόρους

108 3099 255 3176 scriptum.
298 3095 367 3155 Par.
390 3094 430 3154 A.
453 3097 557 3154 omittit
584 3090 715 3177 ἀχόρους.
758 3093 852 3152 Etiam
873 3093 1040 3152 scholiastes
1061 3091 1217 3177 legito'tyd-

108 3203 192 3262 ρους,
216 3181 264 3259 qui
286 3181 489 3259 interpretatur
508 3174 573 3241 άντὶ
591 3183 644 3239 τοῦ
666 3171 775 3260 άχοράς
790 3182 849 3238 τῶν
864 3172 1017 3255 Ἑλλήνων.
1061 3177 1216 3238 Barnosius

108 3263 214 3322 delevit
233 3259 344 3345 άχοραό.
387 3261 543 3332 Matthiae,
566 3281 629 3320 cum
645 3259 871 3340 Wyttenhachio
893 3259 929 3319 ad
945 3260 1093 3320 Plutarchi
1112 3282 1140 3340 p.
1162 3264 1213 3324 16.

108 3343 144 3404 C.
170 3351 210 3424 (p.
229 3346 300 3408 184.
320 3343 542 3415 adnotationum)
566 3338 692 3423 άχόρους
712 3338 849 3421 στοναχάς
864 3343 997 3422 probans,
1023 3346 1092 3422 legit
1112 3344 1215 3408 πολλοὶ

106 3425 135 3492 d’
158 3423 196 3489 άν
210 3423 354 3489 Ἑλλάνων
373 3421 498 3506 άχόρους
512 3421 651 3505 στοναχάς
665 3423 805 3505 μέλποντο
821 3421 970 3486 δυστάνων
985 3425 1090 3488 τεκέων
1106 3421 1214 3504 άλοχοι,

106 3513 222 3590 vultque
243 3505 280 3572 άν
300 3509 335 3569 de
354 3529 385 3569 re
406 3509 518 3589 saepius
539 3511 660 3589 repetita
681 3511 727 3570 hic
747 3507 853 3568 dictum
876 3528 950 3568 esse.
994 3507 1041 3566 Ex
1061 3529 1116 3591 quo
1136 3519 1214 3588 patet

106 3615 170 3660 oum
192 3595 275 3654 huius
296 3593 452 3674 particulae
474 3594 611 3652 rationem
634 3614 690 3652 non
707 3592 838 3653 hahuisse
859 3603 1051 3673 perspectam,
1076 3605 1214 3670 quaeest

106 3681 135 3738 in
157 3699 191 3738 eo
214 3679 321 3758 posita,
346 3675 466 3754 utquid
488 3696 539 3756 pro
560 3677 688 3756 exemplo
710 3677 752 3736 rei
769 3676 831 3734 lieri
847 3677 947 3736 solitae
964 3687 1209 3738 commemoretur.

105 3761 163 3822 Hic
184 3781 252 3822 vero
275 3781 359 3840 quum
382 3779 428 3819 res
450 3771 528 3818 certo
549 3771 578 3818 et
595 3780 614 3818 a
636 3760 740 3830 certis,
768 3770 926 3837 quaesunt
947 3759 1155 3832 ἰεῑεοπολλαό,
1183 3770 1213 3820 ot

106 3855 185 3902 certo
213 3856 340 3923 tempore
366 3844 442 3902 facta
472 3855 618 3915 narretur,
651 3861 742 3922 neque
763 3845 892 3924 exemplo
914 3862 966 3901 nec
987 3842 1142 3920 particulae
1165 3842 1211 3899 isti

84 3921 185 3985 'locus
207 3937 260 3986 est.
306 3927 401 3986 Sensit
430 3928 484 3987 hoc
506 3926 670 4005 Plluglius,
702 3923 829 3986 sednon
851 3926 1012 4005 explicavit.
1057 3921 1213 3982 Praeterea

106 4009 218 4088 quaerit
235 4008 391 4081 Matthiae,
416 4008 483 4090 quid
504 4010 558 4068 hoc
579 4008 615 4068 ad
636 4028 694 4068 rem
713 4008 815 4081 faciat,
838 4009 970 4067 mulieres
991 4007 1020 4064 in
1037 4017 1119 4064 coctu
1137 4007 1212 4064 viro·

105 4110 167 4149 rum
191 4092 311 4168 gemitus
332 4090 470 4152 edidisse:
495 4113 559 4152 nam
576 4091 651 4173 quod
666 4089 848 4169 Musgravius
864 4089 956 4160 dicat,
981 4089 1099 4148 feminas
1115 4109 1210 4147 coram

105 4174 209 4254 populo
239 4175 336 4251 lugere
365 4176 465 4233 summi
491 4175 597 4236 doloris
626 4173 758 4234 indicium
788 4175 890 4246 fuisse,
922 4170 950 4232 id
972 4192 1027 4231 non
1049 4173 1133 4230 aliam
1154 4173 1210 4230 vim

105 4257 228 4329 hahere,
253 4275 336 4336 quam
358 4267 389 4314 ut
410 4276 615 4338 nonnumquam
637 4257 734 4322 dolore
753 4277 904 4338 oppressae
927 4274 1021 4314 coram
1042 4256 1147 4334 populo
1168 4255 1211 4313 lu-

103 4341 217 4412 xerint,
247 4359 331 4420 quum
358 4338 387 4398 id
414 4340 519 4418 alioqui
545 4341 678 4402 dedecori
701 4352 792 4414 esset,
817 4361 870 4400 nec
891 4337 1041 4420 quidquam
1062 4336 1138 4397 aliud
1161 4337 1211 4397 do·

104 4443 170 4484 cere
186 4423 346 4501 Musgravii
369 4421 577 4483 adnotationem
593 4423 629 4484 ad
645 4425 756 4484 Phoen.
776 4425 868 4489 1000.
912 4420 959 4484 Ad
981 4422 1052 4480 haec
1068 4422 1152 4480 facile
1167 4433 1212 4480 est
1270 4459 1272 4464 -

104 4505 289 4588 respondere.
340 4505 416 4566 Nam
444 4506 616 4568 alienissima
642 4522 705 4569 esse
726 4519 844 4589 apparet
864 4528 900 4572 oa
921 4505 1095 4578 hieremie,
1126 4504 1159 4571 tu
1180 4500 1224 4565 d*-
