2982 4948
634 330 719 414 Ι101

231 505 278 584 to'
302 508 369 608 μοί
392 538 477 608 μοι,
493 519 517 594 ’,

231 630 391 732 κόμπων
414 629 627 734 μεταρσίων
649 629 789 732 πρόσω.

575 835 793 910 ΧΟΡΟΣ.

488 966 785 1067 ἅντιστροφὴ
817 963 872 1069 γ’.

228 1103 345 1207 μόνος
371 1102 545 1205 μόνωσιν
570 1109 611 1183 ἐν
636 1105 768 1206 δόμοις
791 1108 1025 1209 ἀναστρέφει.

558 1318 653 1389 ΠΗ
653 1318 694 1387 Λ
701 1319 733 1387 E
745 1320 826 1390 ΥΣ.

230 1460 356 1536 οὐκέτ’
384 1459 462 1534 ἐστί
485 1489 550 1558 μω
574 1457 696 1543 πόλις·

228 1591 396 1682 σκῆπτρα
421 1577 511 1660 τίδ’
538 1583 669 1682 ἐρρέτω
686 1583 743 1658 ’πὶ
766 1589 862 1685 γᾶν,

227 1703 275 1782 σύ
300 1707 350 1795 τ’,
377 1705 409 1782 ὦ
433 1709 522 1783 κατ’
549 1709 669 1807 ἄντρα
694 1705 814 1807 μύχια
839 1705 990 1805 Νηρέως
1011 1703 1123 1805 κόρη,

217 1821 474 1931 ’πανώλεθρον
498 1841 550 1935 γᾷ
573 1829 754 1910 πίτνοντοί
778 1834 824 1931 μ’
852 1834 947 1932 ὄρει.
1021 1847 1024 1856 “

968 1386 1082 1496 οσοίῖῐὶ
1105 1398 1137 1458 5⁹¹
1172 1436 1181 1450 ⁴

124 2213 174 2292 pes
194 2194 307 2265 versui,
337 2211 420 2270 qoem
441 2194 553 2254 restitui
574 2194 681 2254 inserto
702 2186 793 2272 τίιμοί,
821 2192 897 2274 quod
918 2191 1018 2253 iisdem
1038 2209 1113 2270 pene
1134 2189 1234 2268 quibus

122 2271 218 2338 πάντα
240 2276 342 2335 littoris
362 2277 497 2357 scriptum
520 2277 688 2354 neglexerat
708 2276 813 2336 scriba.

207 2384 299 2445 1187.
343 2381 412 2440 Non
435 2395 479 2442 ost
498 2383 527 2441 in
551 2383 630 2442 libris
651 2377 752 2461 ίοίμοί
772 2383 831 2463 μοί,
854 2380 1061 2480 quodpropter
1077 2377 1231 2458 stropbica,

123 2465 254 2544 quoniam
283 2475 403 2544 utroque
433 2467 507 2526 loco
524 2467 698 2545 aptissimum
727 2477 787 2539 est,
819 2467 912 2546 posui.
956 2465 990 2524 ln
1020 2462 1136 2540 stropha
1158 2458 1233 2540 quod

122 2549 244 2607 omissae
265 2548 318 2606 hae
339 2549 457 2607 voculae
479 2560 545 2608 sunt
565 2551 594 2608 in
610 2549 691 2608 Flor.
714 2546 754 2607 A.
774 2550 825 2615 10
848 2548 938 2608 videri
960 2555 1078 2628 possunt
1097 2565 1114 2604 a
1136 2543 1233 2602 metri·

8 2667 10 2674 ›
34 2671 38 2678 -
122 2632 164 2691 cis
186 2649 249 2689 esse
271 2628 392 2690 deletae.

204 2735 297 2798 1188
342 2732 479 2796 Libri'
442 2760 546 2835 κομοτῳ
567 2737 708 2834 μεταρσία
727 2731 846 2819 πρόσω.
879 2735 992 2794 Reiskii
1007 2731 1231 2794 emendationem

120 2813 242 2896 κόμπον
266 2819 425 2914 μεταρσίων
450 2814 550 2898 πρόσω
579 2821 718 2876 neminem
740 2841 796 2876 non
818 2807 981 2897 probavisse
1003 2814 1144 2888 dicerem,
1176 2815 1231 2874 nisi
1292 2891 1295 2896 Ι

121 2919 193 2958 unus
216 2909 309 2957 tamen
331 2901 486 2958 exstitisset
506 2897 713 2978 Lentingius‚
715 2901 763 2978 qui
785 2899 907 2958 mirabili
928 2919 979 2957 suo
1002 2901 1115 2956 invento
1138 2901 1231 2981 κοντῷ

120 2981 275 3079 μεταρσίρτ
283 2975 400 3060 πρόσω,
425 2979 500 3062 quod
521 2983 629 3042 acrium
651 3001 759 3042 remum
781 2982 971 3060 significaret,
995 2976 1160 3078 Euripidem
1183 2999 1230 3037 or-

120 3073 216 3123 natum
239 3064 346 3122 ivisset.

204 3170 297 3236 1189.
343 3170 438 3230 Ham.
462 3164 657 3251 ἀναστρέψω.

204 3275 500 3340 mumurati
524 3271 620 3337 οὐκέτι
641 3271 808 3356 putredine,
829 3271 921 3349 πόλις.
965 3275 1014 3336 Sic
1037 3273 1226 3334 otiamTaur.

121 3361 150 3417 in
173 3378 228 3437 quo
250 3377 335 3438 supra
351 3361 486 3437 scriptum
502 3382 546 3440 γρ.
562 3379 629 3420 συτε
644 3382 702 3437 μω.
745 3359 834 3438 idque
852 3360 957 3418 habent
971 3358 1041 3416 Par.
1059 3357 1097 3416 E.
1113 3358 1227 3419 Eior2.¹

120 3442 216 3501 Havn.
240 3441 321 3502 Vict.
344 3440 430 3500 Laso.
474 3441 588 3520 Exiguo
609 3441 772 3502 discrimine
792 3443 862 3500 Par.
886 3442 923 3500 Β.
946 3442 1026 3500 Eior.
1044 3438 1084 3498 A.
1105 3440 1155 3503 10
1175 3441 1227 3500 15.

119 3520 172 3586 ω’ίτ
175 3520 281 3603 ’ἐμοὶ
324 3524 424 3603 inepta
441 3545 509 3584 uero
527 3489 621 3584 iiaec'
614 3537 772 3624 importune
788 3537 890 3630 arguta
906 3526 1046 3584 sententia
1062 3532 1116 3581 est.
1159 3522 1228 3582 Noa

119 3606 302 3668 dubitandum
325 3618 393 3688 puto
416 3609 482 3686 quin
503 3606 656 3687 Euripides
677 3610 824 3688 scripserit
845 3603 939 3671 οὐκέτ’
964 3605 1025 3668 ἐστί
1044 3629 1095 3686 μω
1114 3599 1206 3678 πόλις.

201 3715 295 3780 1191.
339 3713 421 3774 Libri
448 3711 636 3796 σκῆττρᾶτ’
669 3713 773 3794 ἐρρέτω
797 3710 862 3778 τίδ’
888 3714 936 3778 tut
958 3719 1053 3798 γαῖαν.
1096 3711 1143 3771 Ex
1165 3732 1227 3771 moa

119 3796 314 3858 emendatione
336 3817 448 3857 versum
470 3795 549 3856 dedit
568 3798 604 3858 1.
628 3796 806 3858 Dindortius.

202 3905 293 3966 1192.
339 3904 420 3964 Libri
440 3900 506 3967 κατ’
531 3899 622 4003 ίίντρα
641 3899 734 3984 νύχια.
777 3905 810 3964 In
831 3902 900 3964 Par.
924 3903 963 3963 A.
989 3921 1088 4043 supi-ga
1090 3903 1225 3980 scriptum

117 3979 220 4064 βύθια.
261 3987 294 4044 ln
316 3986 386 4046 Par.
410 3989 499 4047 B.1n
522 3989 649 4067 margine
670 4008 714 4070 γρ.
735 3983 845 4066 βυθια,
865 3984 993 4048 τουτέστι
1009 3983 1114 4114 βαθέα
1153 3984 1225 4057 Quis

27 4123 31 4134 ,
118 4088 175 4126 uon
196 4065 349 4126 videat'
310 4089 397 4148 ροχια
416 4073 563 4152 scripsisse
584 4069 774 4150 Euripidem?

201 4173 294 4236 1193
338 4172 423 4234 Lasc.
460 4176 529 4237 Aid.
561 4172 753 4258 πανώλεθρον
786 4171 819 4254 μ’
850 4169 939 4253 ὄψεαι
967 4169 1138 4235 πιτνσῢντα
1152 4166 1226 4253 πρὸς

115 4257 180 4337 γᾶν.
222 4254 287 4316 Nec
308 4256 421 4316 variant
439 4259 521 4332 libri,
551 4263 605 4320 nisi
627 4201 716 4341 ροσιίρ
723 4262 881 4332 πιτνῶντα,
908 4253 1060 4331 πιτνόντα,
1089 4255 1226 4317 πίτνοντα

118 4337 269 4417 praebent,
292 4350 322 4398 et
337 4340 418 4399 Fior.
441 4338 516 4399 A.'‘
500 4357 611 4420 οψεται.
654 4340 736 4403 Unde
748 4360 821 4401 vcro
838 4342 948 4419 epicum
965 4303 1074 4416 οψεαίῖ
1115 4335 1225 4397 Nescio

118 4423 182 4499 quis
203 4423 292 4480 malm
313 4425 448 4483 metricus
469 4425 541 4484 baec
561 4421 757 4486 confinxerit.
793 4422 939 4504 Euripidis
962 4421 1015 4482 tuit
1034 4415 1226 4501 πανώλεθρον

115 4508 155 4590 γᾶ
175 4499 364 4614 ττίτνονταμ’
389 4502 467 4587 ὄψει.
