2982 4948
800 331 851 406 82

261 468 417 622 lpcdywr
442 513 511 591 ἀπ’
538 516 653 590 οἴκων
677 512 723 598 de
747 513 820 618 ἐγώ
845 510 974 617 φεύγω
1000 509 1136 616 φυγάς.

196 685 200 696 =
266 645 287 718 δ
311 642 351 718 δ’
376 640 471 737 detti
502 637 627 738 ριστὴς
648 641 699 723 εἴς
723 640 762 714 τ’
778 639 880 738 ἐ’μῆς
898 637 1044 741 μητρὸς
1069 635 1209 738 φόνον,

265 763 335 850 τάς
360 766 408 840 θ’
435 762 679 864 αἱματωποὺς
704 763 798 848 θεὰς
823 761 1017 853 ὀνειδίζων
1042 762 1135 861 ἐμοί.

196 890 373 995 955κάγώ
396 887 569 972 ταπεινὸς
594 887 650 965 ὢν
671 885 803 984 τύχαις
824 895 907 972 ταῖς
926 890 1080 962 οἴκοθεν

254 992 406 1120 ’ἤλγουν
433 1015 522 1114 μέν,
548 1015 707 1116 ἤλγουν,
735 1012 947 1118 συμφοραῖς
972 1011 1011 1087 δ’
1037 1007 1250 1108 ἠνειχόμην,

268 1149 348 1217 σῶν
373 1138 413 1215 δὲ
437 1137 627 1237 στερηθεὶς
651 1135 805 1236 ᾠχόμην
831 1139 937 1213 ἄκων
960 1134 1108 1241 γάμων.

266 1273 340 1341 νῦν
366 1261 436 1340 οὖν
445 1318 457 1351 ,
482 1259 605 1356 ἐπειδὴ
632 1267 832 1358 περιπετεῖς
855 1263 947 1356 ἔχεις
967 1259 1102 1358 τύχας,

268 1389 332 1465 καὶ
357 1382 558 1487 ξυμφορὰν
581 1381 706 1480 τήνδ’
720 1386 924 1467 εἶςπεσοῦσ’
953 1387 1173 1484 ἀμηχανεῖς,

198 1516 347 1599 96οἄξω
374 1513 412 1587 o'
440 1511 508 1586 ἀπ’
534 1513 649 1586 εἴκων
674 1505 902 1609 καὶπατρὸς
927 1505 1039 1584 δώσω
1061 1508 1155 1608 χερί.
1194 1507 1197 1536 ³

651 1791 653 1796 .
713 1713 944 1788 ΧΟΡΟΣ.

269 1843 313 1920 τὸ
337 1842 510 1946 συγγενές
534 1871 589 1917 τοι
613 1840 757 1940 δεινόν,
784 1847 825 1920 ἐν
848 1841 997 1919 κακοῖσί
1021 1873 1060 1917 τε

271 1971 340 2046 οὐκ
367 1972 467 2044 ἔστιν
491 1966 603 2046 οὐδὲν
628 1975 800 2069 κρεῖσσον
820 1967 956 2046 οἰκείου
982 1967 1105 2070 φίλου.

676 2173 974 2247 ΕΡΜΙΟΝΗ.

270 2295 556 2400 νυμφευμάτων
579 2299 651 2400 μὲν
675 2311 754 2378 τιῦν
779 2306 882 2400 ἐμῶν
903 2301 1022 2402 πατὴρ
1049 2299 1137 2399 ἐμὸς

271 2426 459 2526 μέριμναν
484 2427 571 2516 ἐξα,
598 2428 691 2503 κούκ
716 2426 808 2524 ἐμὸν
833 2425 974 2526 κρίνειν
999 2423 1096 2502 τόδε.

202 2549 357 2626 nette
383 2550 434 2636 ὥς
457 2546 614 2646 τάχιστα
639 2551 763 2628 τῶνδέ
779 2551 824 2648 μ’
852 2553 1043 2648 ἔκπεμψον
1068 2545 1219 2646 δόμων,

274 2667 326 2772 μὴ
348 2677 433 2772 φθῇ
455 2701 503 2770 με
522 2673 689 2773 προςβδις
713 2674 825 2772 δῶμα
850 2673 914 2748 καὶ
937 2669 1064 2771 μολιδν
1087 2667 1211 2759 πόσις,

276 2957 357 3016 Flor.
375 2957 407 3019 2.
424 2957 514 3016 Taur.
534 2957 630 3018 Guell.
648 2958 733 3018 irase.
752 2957 821 3018 Ald.
844 2954 956 3043 ῥᾴδιον.
998 2957 1148 3035 Plluglrius
1165 2954 1201 3016 ad
1218 2955 1293 3015 Hce.
1311 2956 1384 3020 605.

277 3043 347 3100 haee
369 3041 457 3100 verba
477 3039 599 3102 ἔκτοθεν
624 3037 654 3102 δ’
679 3039 715 3104 οὗ
736 3038 839 3126 ῥᾴδιον
860 3043 1040 3121 parenthesin
1063 3059 1125 3100 esse
1146 3041 1271 3111 monuit,
1300 3038 1387 3100 eredo

276 3123 353 3185 ἐστὶν
378 3125 550 3202 intelligens.
594 3124 721 3184 Eatenus
747 3121 800 3184 lroe
821 3145 918 3184 verum
944 3135 1003 3196 est,
1026 3134 1057 3182 ut
1079 3125 1149 3182 haee
1168 3123 1270 3194 verba,
1300 3125 1387 3182 ctiam

277 3209 301 3264 si
327 3206 371 3284 εἴη
397 3207 562 3284 intelligas,
593 3228 649 3266 uon
676 3229 739 3267 eum
763 3228 797 3267 ea
815 3208 1025 3266 construetione
1046 3203 1081 3264 ad
1104 3225 1186 3286 quam
1207 3207 1387 3286 participium

213 3289 220 3304 ¹
240 3369 255 3376 ‚
277 3289 401 3373 pertinet
420 3291 603 3374 cohaereant.
1067 3303 1071 3308 “

234 3399 325 3416 *““““’·
341 3388 434 3448 ”961.
479 3386 560 3446 Libri
577 3371 613 3449 ιδ’
632 3379 766 3472 συγγενὲς
786 3385 840 3472 γδιρ
859 3383 969 3463 δεινόν,
999 3386 1031 3449 ἔν
1049 3409 1079 3450 τε
1099 3391 1295 3466 τοῖςιιιαιιοῖς,
1319 3408 1389 3446 eon-

278 3469 444 3548 tinuantque
467 3471 521 3529 hoe
542 3470 682 3530 distichon
705 3474 827 3532 orationi
848 3473 971 3532 Orestis.
1015 3469 1057 3529 Aa
1073 3482 1103 3530 ct
1122 3472 1183 3550 ipso
1201 3471 1341 3529 sententia
1359 3481 1390 3552 ct

279 3551 453 3611 cousuetudo
475 3553 638 3632 tragoediae
657 3555 788 3614 dubitare
807 3575 862 3614 uon
882 3557 993 3626 sinunt,
1025 3556 1092 3633 quin
1111 3555 1181 3614 hoec
1200 3554 1280 3612 eltori
1300 3553 1390 3613 verba

279 3635 346 3692 sint.
392 3636 488 3707 Quare
516 3648 545 3695 et
567 3637 632 3695 huie
653 3635 736 3709 dedi,
768 3649 797 3697 et
817 3661 861 3699 τοι
886 3658 937 3718 pro
957 3633 1012 3721 γὰρ
1030 3639 1127 3717 posui,
1157 3638 1236 3694 utin
1254 3638 1298 3694 his
1319 3638 1390 3716 ipsis

279 3714 373 3775 uerbis
392 3718 554 3796 Aeschylus
576 3720 604 3776 in
622 3718 721 3778 Prona.
743 3741 771 3779 ν.
791 3722 842 3784 39.

531 3811 563 3878 τὸ
584 3817 717 3900 συγγενές
735 3842 780 3881 ται
800 3815 896 3891 δεινδν
916 3816 936 3899 ip'
956 3815 989 3881 θ’
1014 3815 1119 3898 ὁμιλία.

280 3911 345 3970 Νεε
357 3910 488 3973 dubitari
506 3915 575 3974 illud
595 3938 693 3996 parum
715 3929 779 3998 apte
800 3917 904 3978 dietum
924 3918 956 3980 ἔν
972 3940 1002 3980 τε
1018 3923 1080 3990 τοῖς
1097 3921 1200 3990 κακοῖς
1214 3927 1391 3976 commutare

282 4014 345 4054 eum
364 3995 395 4056 ἐν
412 4000 527 4059 κακοῖσί
545 4021 582 4060 τε.

364 4094 437 4156 964.
481 4097 601 4158 Minime
629 4101 675 4158 hie
703 4113 797 4180 aptum
817 4102 947 4182 κραίνειν
974 4117 1055 4170 esse,
1084 4096 1158 4177 quod
1175 4098 1329 4157 Elmslcius
1353 4097 1392 4158 ad

282 4171 401 4235 littaei·
428 4181 497 4241 198.
518 4203 571 4259 pro
592 4182 701 4262 κρίνειν
716 4186 815 4263 reponi
832 4184 956 4254 iubebat,
982 4181 1065 4240 facile
1082 4183 1232 4260 intelliget,
1253 4182 1300 4261 qui
1317 4183 1393 4240 utri-

279 4278 372 4336 usque
389 4260 467 4319 verhi
483 4274 648 4341 potestatem
661 4267 774 4344 locique
790 4267 873 4326 liuius
887 4267 1023 4324 rationem
1038 4264 1270 4324 consideraverit.
1289 4263 1390 4327 Havu.

281 4339 379 4420 λέγειν.
422 4342 481 4402 Pro
509 4341 590 4420 τάδε,
616 4347 694 4425 ¹quod
720 4349 825 4409 habent
844 4348 913 4407 Par.
937 4346 976 4407 Α.
1000 4347 1095 4408 Havn.
1114 4347 1183 4407 Ald.
1207 4348 1324 4427 scripsi,
1358 4359 1394 4407 ut

281 4419 465 4560 Effilfpgius,
495 4423 561 4488 τδδε
585 4448 621 4486 ex
648 4430 734 4490 Lasc.
762 4431 831 4490 Par.
855 4431 896 4490 D..
919 4431 956 4490 Ε.
981 4432 1061 4490 Flor.
1088 4429 1128 4490 Α.
1153 4431 1203 4496 10.
1223 4431 1273 4494 15.
1293 4429 1389 4490 Taur·
