2982 4948
785 301 834 373 68

358 476 536 576 πείθομαι
552 479 617 554 καὶ
634 479 706 557 σὺν
718 480 934 564 Λαπίθαισί
947 505 987 558 σε
995 480 1221 584 Κενταύροις
1237 481 1368 582 ὁμιλῆ-

359 627 420 678 σαι
444 602 529 704 (1ορ1
553 602 775 707 κλεινοτάτῳ
800 605 865 684 καὶ
887 608 945 684 ἐπ’
964 605 1100 712 Ἀργῴ-

361 757 406 803 ου
432 727 543 828 δορὸς
568 730 699 838 ἄξενον
723 730 846 834 ὑγράν

362 855 560 953 ε’κπερᾶσαι
585 863 742 932 ποντιᾶν
766 852 1060 960 Συμπληγάδων

362 977 512 1055 κλεινάν
537 978 596 1054 ἐπὶ
619 980 857 1072 ναυστολίαν,

358 1100 495 1178 Ἰλιάδα
520 1133 559 1178 τε
588 1102 695 1182 πόλιν
720 1107 781 1182 ὅτε
805 1107 848 1182 τὸ
879 1085 1008 1208 πάροο

261 1297 544 1312 unffi

346 1422 420 1484 772.
469 1418 538 1480 Ald.
565 1422 628 1482 rell.
653 1421 737 1494 Lasc.
760 1423 841 1482 Flor.
864 1424 895 1485 2.
920 1422 1016 1484 Guell.
1039 1423 1128 1483 Tanr.
1158 1421 1299 1522 πείθομαι
1320 1419 1371 1482 καὶ

265 1499 320 1566 σὺν
340 1503 509 1565 Λαπίθαισί
535 1522 580 1580 σε,
607 1504 658 1567 καὶ
679 1502 852 1588 Κενταύρων
879 1502 1013 1586 ὁμιλῆσαι
1034 1505 1149 1587 dopll
1116 1531 1134 1568 κ
1152 1501 1292 1590 εινοτάτςο.
1335 1505 1369 1562 ln

265 1587 333 1647 Par.
357 1588 396 1645 A.
420 1587 500 1646 Flor.
522 1585 562 1647 A.
588 1589 638 1651 10.
663 1590 795 1648 omissum
826 1606 874 1667 σε,
903 1611 954 1670 pro
981 1611 1037 1696 quo
1058 1589 1127 1649 Par.
1151 1589 1188 1648 Β.
1210 1568 1289 1647 Flor.
1315 1589 1368 1648 15.

265 1694 303 1732 τε.
345 1669 457 1730 Deinde
478 1668 547 1729 Par.
571 1671 608 1730 Β.
633 1672 713 1731 Flor.
729 1674 768 1732 A
795 1675 843 1736 10.
865 1637 919 1736 15.
943 1672 992 1736 καὶ
1014 1669 1128 1736 Karseai
1128 1694 1197 1756 ρ.οις
1239 1671 1308 1732 Ριιι.
1326 1668 1367 1729 Α.

268 1749 445 1834 Κενταύροις
465 1755 525 1813 sine
548 1754 605 1815 καί.
653 1755 778 1814 ΜίιίΙίοο
808 1768 955 1834 argutatur
975 1757 1134 1829 Matthiae,
1166 1776 1221 1814 nou
1251 1752 1371 1813 credens

269 1857 435 1941 quemquam
450 1837 489 1895 ita
506 1837 684 1936 loquuturum
701 1839 799 1910 fuisse,
823 1840 966 1919 πείθομαί
986 1856 1017 1901 σε
1039 1835 1093 1902 οὖν
1114 1837 1281 1900 Λαπίθαιάι
1298 1840 1371 1897 Κεν-

268 1945 386 2022 ταρροις
407 1915 541 2000 ὁμιλῆσαι
562 1921 636 2002 δορί,
658 1923 698 1980 ita
719 1934 751 1980 ut
762 1922 931 1984 Λαπίθαισι
951 1941 967 1982 e
984 1925 1192 2003 praepositione
1214 1916 1277 1996 σάν,
1298 1923 1371 1981 Κεν-

267 2000 384 2085 ταύροις
409 2015 502 2062 autem
530 2000 701 2064 evcrho
684 2029 733 2084 ομι
734 2010 818 2084 λῆσαι
841 2004 994 2085 penderet,
1027 2009 1073 2064 cui
1102 2007 1157 2065 alia
1184 2007 1293 2064 ratione
1320 2001 1371 2062 ad-

267 2091 391 2148 iunctum
413 2099 489 2146 essct
509 2088 581 2169 δορί.
631 2089 664 2148 lu
694 2091 795 2187 quihus
821 2089 950 2148 omnihus
972 2091 1041 2150 nihil
1062 2110 1177 2192 prorsus
1199 2087 1371 2147 difficultatis

267 2184 321 2232 est.
373 2169 458 2244 Quod
485 2183 576 2230 autem
604 2174 733 2250 quaerit,
762 2193 813 2231 cur
842 2194 897 2232 non
921 2172 1070 2234 Centauris
1097 2169 1169 2254 δόρυ
1190 2167 1373 2234 κλεινότατον

267 2255 354 2314 trihui
375 2257 481 2332 possit,
513 2256 595 2334 plane
625 2256 728 2315 oblitus
749 2255 861 2316 ιίι1ο1ιιι
881 2255 1007 2316 Peliadis
1028 2198 1149 2329 hastae?
1175 2255 1210 2316 de
1232 2264 1286 2334 qua
1308 2253 1372 2312 Ho-

268 2358 361 2398 merus
383 2335 465 2396 lliad.
489 2337 573 2398 XVI.
598 2338 686 2412 140..

369 2434 387 2497 d'
417 2431 503 2508 οςὸ’
520 2431 581 2582 ἔοῦχ
602 2431 672 2499 ελετ’
698 2431 799 2498 αἶαν’
782 2431 936 2542 αμάμονος
951 2437 1106 2512 Αἰακίδαο,

388 2514 477 2595 ριθά,
470 2518 594 2626 ,μρα,
572 2516 753 2602 ,στιβαρόν
774 2516 807 2582 τὸ
831 2516 936 2598 μέν’
903 2543 939 2582 ου
961 2515 1060 2582 δύνατ’
1083 2484 1168 2591 άλλος
1184 2515 1308 2598 Ἀχαιῶν

371 2598 503 2678 πάλλειν,
525 2598 596 2663 αλλά
618 2626 667 2681 μιν
688 2598 784 2704 plne&
784 2604 901 2664 πίστατο
922 2607 1011 2700 πῆλαι
1028 2597 1180 2680 Ἀχιλλεύς,

340 2650 509 2763 Πηλιάδα
529 2685 646 2763 puellm,
667 2679 720 2763 τὴν
740 2684 826 2787 πατρ1
845 2686 921 2770 φίλῳ
940 2681 1012 2787 πόρε
1035 2685 1150 2784 Χείρων

372 2766 489 2846 Πηλίου
505 2765 541 2828 ἐν
562 2772 711 2853 κορυφῇς,
732 2763 826 2845 φόνον
847 2748 1006 2890 1’μμεραι’
985 2763 1134 2850 ηράεσσιν.

351 2868 424 2930 773.
469 2866 565 2926 Gueli.
588 2866 678 2926 'l’aur
700 2863 1006 2950 ΑΙ(1.ιοΙΙ.καιγο“ιρ
1034 2863 1093 2929 ἐπ’.
1135 2867 1221 2926 Lasc.
1251 2876 1280 2924 et
1306 2883 1373 2923 cac-

269 2951 324 3011 teri
345 2948 429 3010 codd.
453 2951 584 3009 omittunt
603 2945 667 3034 γάρ.

244 3073 247 3078 ·
352 3052 426 3114 775.
470 3050 539 3111 Par.
555 3050 591 3110 Β.
607 3049 693 3109 Flor.
706 3050 757 3112 10.
781 3045 886 3111 15.
855 3073 909 3128 την
929 3049 1057 3111 ποντίαν.
1099 3047 1334 3109 caetorifftitrt
1312 3066 1373 3105 sine

272 3135 392 3193 articulo
411 3134 541 3195 ποντίαν.
584 3132 668 3193 Lasc.
694 3132 763 3192 Par.
782 3131 819 3191 E.
846 3133 925 3192 Flor.
949 3134 980 3195 2.
1003 3128 1210 3215 Συμπληγάδα
1251 3128 1320 3188 Ald.
1345 3141 1375 3188 ct

273 3218 379 3276 caeteri
409 3211 613 3297 Ξομπληγάόα.
661 3217 886 3294 lnterpretantur
906 3217 960 3275 hoc
982 3217 1037 3288 ita,
1051 3236 1110 3320 Ηιιο
1130 3217 1154 3274 si
1176 3207 1375 3295 Συμπληγάδα

273 3301 475 3360 substantivum
492 3298 623 3358 adiuncta
644 3299 761 3358 haberet
780 3294 1133 3403 ερ111ε11”ξαενονῦγρᾶν
1147 3298 1276 3360 ποντίαν.
1305 3295 1373 3354 Non

274 3385 314 3442 sic
336 3383 407 3443 haec
423 3383 528 3442 Graeci
549 3382 762 3461 intelligebant,
787 3378 945 3485 ριιίΙιιιι”ξ
909 3407 928 3442 α
945 3403 1009 3454 mog
1039 3377 1104 3482 ρὰ
1123 3394 1185 3442 erat
1204 3383 1373 3459 rhdoopitum

272 3487 363 3529 ιιιαιι.
402 3467 471 3526 Νοιι
493 3467 583 3544 magis
602 3467 724 3527 ποντίαν
741 3460 932 3547 συμπληγάδα
952 3486 1004 3544 pro
1025 3487 1043 3525 a
1062 3468 1172 3526 iectivis
1193 3485 1256 3524 cum
1277 3483 1375 3524 ναατι-

273 3550 338 3611 λίαν
358 3551 492 3628 coniungi
519 3560 646 3628 possunt
698 3549 871 3608 scholiastes
901 3547 974 3629 apnd
995 3549 1185 3648 Lentingiom·
1205 3535 1295 3608 λείπει
1320 3540 1375 3624 τὴν

272 3630 387 3713 πέτραν.
436 3630 547 3694 Videor
571 3633 639 3690 mihi
666 3632 736 3690 haec
758 3630 925 3692 emendasse
956 3634 1092 3692 restitutis
1121 3632 1271 3710 genitivis:
1310 3649 1373 3687 nam

273 3735 368 3815 quum
379 3716 512 3794 scriptum
535 3715 562 3774 in
584 3715 777 3793 antiquissimo
799 3715 871 3774 libro
886 3715 1014 3776 viderent
1032 3716 1141 3776 scrihae
1162 3714 1283 3776 ποντίαν
1303 3729 1376 3790 σαμ-

273 3794 400 3882 πληγάδ,
431 3797 459 3858 11
487 3817 574 3878 prauo
598 3809 717 3859 accentu
738 3799 856 3878 epitheti
877 3798 990 3858 adducti
1010 3809 1144 3878 putarunt
1164 3816 1227 3856 esse
1255 3796 1376 3858 ποντίαν

274 3878 480 3965 Συμπληγάδα.
523 3880 632 3940 Plurali
652 3887 763 3960 semper
782 3903 848 3942 usus
870 3879 1032 3960 Euripides.

355 3986 429 4045 777.
480 3979 549 4042 Ald.
581 3975 962 4052 collaudansque,
993 3971 1377 4060 ὅτεπάροςεῦδόαιμοςά

274 4059 384 4139 Attal
380 4089 425 4138 νις
445 4061 610 4169 ἀμφέβαλεν
637 4087 728 4149 φονῳ.
775 4065 858 4126 Nihil
884 4063 1089 4141 discrepantiae
1110 4062 1271 4122 adnotatum
1293 4077 1377 4141 prae-

274 4162 401 4228 torquem
424 4150 452 4208 iu
473 4144 647 4227 ἀμφέβαλεν,
668 4127 775 4226 qdod
767 4170 795 4206 ιιι
815 4149 884 4209 Par.
908 4149 944 4208 B.
963 4147 1043 4206 Flor
1065 4146 1104 4206 A.
1132 4148 1183 4210 10.
1211 4149 1260 4208 15.
1285 4142 1375 4223 ἀμφέ-

196 4291 206 4307 ,
272 4233 404 4312 βάλλε,
396 4253 425 4292 ιιι
440 4230 509 4291 Par.
527 4230 566 4290 A.
589 4230 626 4290 E.
641 4231 721 4290 Flor.
742 4233 774 4294 2.
791 4233 885 4292 Hatn.
903 4231 998 4292 Guell'.
1022 4229 1107 4290 Lasc.
1130 4241 1208 4290 reete
1229 4225 1377 4308 άμφέβαλε

270 4315 418 4392 scriptum.
470 4314 543 4374 Sunt
563 4315 593 4374 hi
612 4313 669 4374 duo
690 4334 788 4374 versus
809 4314 929 4374 dimeter
949 4326 978 4374 et
999 4315 1126 4374 trimeter
1147 4313 1275 4388 iambici,
1277 4331 1375 4414 quos

274 4414 389 4456 necesse
417 4409 462 4456 est
490 4418 547 4456 uua
574 4399 761 4476 perpetuitate
790 4399 900 4456 numeri
929 4398 1091 4458 decurrere.
1135 4390 1284 4474 Quare
1255 4419 1287 4458 το
1310 4405 1375 4454 ante

272 4473 364 4557 πάρος
385 4480 509 4551 inserui,
533 4489 562 4538 et
584 4481 695 4538 restitui
716 4482 864 4540 articulum
887 4495 952 4543 ante
974 4476 1061 4557 Διός,
1085 4501 1167 4560 quem
1189 4481 1276 4551 olim,
1300 4477 1375 4560 quod
