3006 4952
824 355 874 426 28

639 540 675 608 A
684 538 724 609 Ν
726 537 760 607 Δ
770 541 805 610 Ρ
815 538 946 612 ΟΜΑ
955 539 999 612 Χ
1002 542 1052 610 Η.

226 685 366 760 2400th
392 685 441 762 αὖ
468 696 587 784 newa?
611 685 801 788 Κύπριδος
826 688 993 792 ἀλγήσεις
1020 691 1120 792 πέρα·

695 895 1006 969 ΕΡΜΙΟΝΗ.

296 1042 332 1116 τί
357 1042 419 1134 ‹5';
446 1043 491 1119 οὐ
516 1043 662 1146 γυναιξὶ
691 1052 811 1120 ταῦτα
836 1054 965 1145 πρῶτα
990 1055 1181 1144 πανταχοῦ
1187 1078 1204 1138 ,·

640 1250 1050 1325 ΑΝΔΡΟΜΑΧΗ.

294 1407 416 1482 καλῶς
437 1427 478 1501 χε
501 1401 772 1499 χρωμέναισιν·
800 1407 831 1476 εἰ
853 1401 895 1478 δι’
920 1402 993 1501 μή,
1021 1405 1066 1479 οὐ
1091 1406 1197 1478 καλαί.

689 1609 1001 1682 ΕΡΜΙΟΝΗ.

294 1756 339 1832 οὐ
363 1755 574 1858 βαρβάρων
593 1755 766 1855 νόμοισιν
790 1761 965 1856 οἰκοῦμεν
992 1762 1110 1837 πόλιν.

638 1960 1046 2035 ΑΝΔΡΟΜΑΧΗ.
1124 1989 1126 1992 ·

293 2115 400 2191 κάκεῖ
422 2112 469 2188 τά
495 2115 535 2216 χ’
562 2116 699 2215 αἰσχραὶ
724 2109 893 2190 κάνθάδ’
921 2111 1103 2209 αἰσχύνην
1127 2116 1208 2208 ἔχει.

687 2322 721 2388 Ε
728 2321 823 2392 PM
830 2322 854 2388 I
864 2318 896 2391 0
908 2320 1000 2391 ΝΗ.

223 2473 408 2572 245σιιφή,
436 2468 533 2569 σοφὴ
559 2465 622 2545 σύ·
650 2473 856 2547 κατθανεῖν
881 2470 920 2547 δ’
947 2473 1049 2568 ὅμως
1074 2492 1113 2544 σε
1135 2468 1200 2545 δεῖ.

636 2677 724 2746 ΑΝ
724 2673 946 2747 ΔΡΟΜΑ
953 2676 999 2746 Χ
1002 2676 1053 2745 Η
1167 2661 1168 2666 ¹

291 2827 382 2924 ὂρᾶς
402 2824 553 2926 ἄγαλμα
581 2823 785 2908 Θετιδσς”
751 2855 801 2908 εις
821 2825 857 2900 σ
884 2795 1112 2922 emolite'rwm

291 3094 402 3174 quidem
432 3095 516 3152 etiam
538 3089 576 3156 σὺ
599 3089 629 3155 δ’
657 3091 693 3158 οὗ
715 3094 805 3179 λέγεις
828 3093 880 3175 μὲν
900 3096 957 3156 diei
977 3097 1078 3176 potuit.
1131 3094 1173 3153 At
1197 3092 1229 3176 γὲ
1249 3107 1292 3153 est
1313 3097 1392 3154 adea.

290 3177 429 3256 Exempla
450 3176 586 3257 quaedam
607 3178 672 3237 vide
694 3179 767 3259 apud
788 3178 954 3238 Elmsleium
976 3178 1012 3239 ad
1032 3177 1113 3238 Med.
1132 3179 1205 3242 800.

371 3274 444 3342 240.
488 3274 557 3334 Par.
580 3275 620 3336 A.
644 3278 724 3337 Flor.
743 3278 782 3337 A.
801 3274 856 3340 orie
871 3268 918 3340 αὖ.
956 3279 1041 3339 Lasc.
1065 3278 1133 3338 Ald.
1158 3287 1187 3336 et
1206 3277 1311 3335 caeteri
1333 3275 1394 3333 libri
1489 3307 1490 3325 ι

290 3354 345 3420 σιἰκ
360 3383 405 3420 αν.
440 3358 510 3418 Par.
528 3359 564 3418 Β.
583 3361 663 3419 Fler.
683 3364 733 3425 l5
752 3358 788 3424 ιἰλ
788 3357 887 3448 χήσχς.
917 3363 1012 3422 Havu.
1031 3359 1174 3445 ἀλγήσας.
1203 3358 1275 3419 De
1267 3371 1321 3418 usto
1343 3353 1394 3419 οὐκ
1487 3397 1489 3465 χ

289 3467 328 3504 αα
315 3432 394 3502 vel
422 3438 486 3505 οὐδ’
516 3432 556 3505 αὖ
585 3445 614 3503 iu
635 3445 763 3524 interrog
745 3387 836 3504 vando
847 3423 992 3505 dixerunt
1011 3446 1050 3506 A.
1078 3447 1114 3507 G.
1140 3444 1393 3504 Winekelmauuus

290 3526 326 3585 ad
349 3526 426 3585 Plat
452 3526 625 3606 Euthydem.
650 3548 680 3607 p.
699 3531 772 3593 103.
798 3541 829 3588 et
850 3530 905 3587 Th.
932 3529 1075 3608 Bergkius
1099 3529 1134 3588 ad
1154 3528 1262 3584 Anacr.
1290 3525 1325 3581 fr
1341 3524 1390 3585 55

290 3630 319 3688 p
339 3609 410 3672 174.
451 3607 622 3669 8σίΙίσει’
590 3632 645 3672 ουκ
665 3601 705 3672 αὖ
728 3607 765 3674 σὺ
786 3607 890 3678 παύσει
910 3625 940 3672 et
961 3615 1064 3673 similia
1085 3621 1235 3691 propterea
1251 3606 1389 3676 dicuutur,

290 3691 415 3770 quadiu
437 3705 530 3752 mente
551 3705 596 3753 est
616 3715 730 3754 rursum
753 3706 784 3755 tu
804 3699 858 3756 hoe
871 3695 965 3777 saut.

371 3790 445 3855 241.
489 3791 558 3851 Par.
581 3791 621 3851 A.
645 3792 683 3851 E.
707 3794 786 3853 Flor.
810 3794 849 3853 A.
872 3795 974 3859 210.
994 3796 1044 3857 15.
1071 3792 1155 3850 Lasc.
1177 3793 1278 3868 πρῶτα
1297 3791 1390 3848 ταῦτα,

289 3873 358 3934 Ald.
384 3876 448 3934 rell.
471 3887 501 3934 et
522 3877 627 3935 caeteri
652 3877 716 3935 iibri
740 3882 830 3939 ταῦτα
851 3883 959 3958 πρῶτα.
1001 3875 1076 3935 Dein
1095 3875 1183 3932 Taur.
1202 3871 1300 3929 Guelf.
1324 3871 1388 3928 Ata.

289 3959 353 4017 rell.
378 3963 516 4039 πανταχῆ.
546 3958 661 4018 Caeteri
682 3972 711 4019 et
732 3961 817 4021 Lusa.
840 3965 995 4040 πανταχοῦ.

371 4058 443 4122 242.
488 4057 558 4118 Par.
586 4057 626 4118 A.
657 4057 694 4119 B.
724 4061 819 4120 Havu.
843 4071 901 4120 tres
926 4060 1007 4120 Flor.
1030 4057 1087 4119 ναί.
1124 4060 1219 4128 καλῶς
1238 4077 1270 4136 γε
1292 4055 1389 4136 χρωμέ-

289 4141 501 4222 ναισιν,·ι]ιιοᾶ
529 4141 669 4202 Matthiae
699 4144 803 4222 aliique
824 4153 1001 4223 receperunt.
1046 4141 1140 4200 Nimis
1162 4141 1257 4218 inepto
1279 4139 1342 4198 loco
1362 4159 1389 4197 se

289 4244 399 4283 osorem
423 4227 569 4284 mulierum
599 4226 775 4304 praebuisset
794 4227 961 4307 EuripideS‚
994 4226 1019 4284 si
1039 4225 1068 4284 id
1090 4225 1259 4303 scripsisset.
1304 4223 1388 4282 Recte

288 4305 373 4365 Lasc.
405 4306 474 4367 Atd.
498 4309 562 4366 rell.
595 4329 650 4367 uon
673 4309 778 4370 habent
797 4310 872 4369 istud
900 4309 964 4384 vai,
995 4309 1069 4388 quad
1091 4309 1252 4387 interpretis
1274 4319 1331 4377 est,
1361 4317 1389 4362 ut

288 4409 315 4446 v.
335 4390 407 4450 578.
432 4404 462 4450 et
482 4411 533 4494 pro
549 4395 719 4490 sepositum
741 4392 838 4454 uuir
858 4393 930 4455 500.
969 4391 1081 4452 Deinde
1097 4391 1166 4451 Par.
1184 4389 1223 4450 Α
1241 4388 1309 4448 ΑΜ
1327 4389 1384 4448 rell.
1469 4431 1471 4438 .

289 4471 316 4530 εἰ
336 4469 368 4532 δὲ
388 4468 446 4549 μή,
468 4470 505 4535 οὐ
525 4470 606 4535 καλά.
649 4476 734 4536 Lase.
758 4487 788 4536 et
808 4477 915 4534 caeteri
937 4477 1019 4536 codd.
1045 4477 1072 4540 εἰ
1091 4474 1123 4538 δε
1144 4471 1193 4556 μή,
1214 4470 1250 4536 οὗ
1271 4475 1368 4542 καλῶς.

366 4566 442 4631 240
489 4570 558 4629 Par.
582 4570 620 4629 A
646 4571 736 4644 stge'
761 4572 920 4651 ἔιιιβλέιιον.
