3010 4944
430 1266 976 1420 runnunuro‘.

553 1702 850 1718 m*

243 1991 294 2096 ln
310 2021 577 2098 Andromacham
603 2027 773 2123 aliquanto
797 2026 972 2122 benignior
996 2047 1092 2121 qnam
1118 2022 1153 2094 in
1177 2022 1253 2117 ple·

141 2169 261 2243 raeque
287 2147 371 2219 alias
383 2146 558 2245 Euripidis
584 2149 773 2244 tragoedias
797 2149 861 2222 init
885 2149 1031 2239 fortuna,
1057 2171 1119 2220 neo
1142 2154 1253 2219 tamen

140 2271 177 2334 ut
190 2264 317 2336 fructus
338 2287 517 2338 numerum
531 2274 689 2363 aequaret
707 2265 870 2340 codicum.
913 2265 1038 2339 Collati
1063 2270 1140 2336 sunt
1155 2269 1254 2359 quat-

140 2386 217 2451 tuor
248 2378 380 2454 codiees
410 2381 640 2474 Parisienses‚
673 2382 720 2456 A.
754 2409 789 2456 n.
821 2383 935 2455 2712.
969 2383 1250 2471 membranaceus,

138 2493 182 2567 Β.
207 2519 243 2567 n.
267 2495 381 2570 2713.
407 2498 454 2571 D.
480 2524 513 2570 n.
536 2499 650 2572 2818.
675 2498 721 2573 E.
744 2525 780 2572 ιι.
804 2499 917 2572 2888.
945 2524 1081 2596 quornm
1108 2497 1250 2594 primum

137 2611 350 2705 Brunokins,
392 2617 450 2712 qni
481 2617 749 2690 Andromacham
789 2642 864 2690 cunr
897 2615 1078 2716 Sophoclis
1108 2612 1249 2686 Electra

136 2727 355 2824 Argentorati
387 2755 419 2804 a.
455 2733 567 2806 1779.
602 2733 725 2826 edidit,
771 2743 897 2806 tantum
938 2758 1004 2806 uon
1041 2730 1163 2828 nhiquo
1196 2736 1249 2802 est

137 2854 306 2942 sequutus.
363 2845 492 2922 Omnes
528 2851 608 2922 illos
639 2852 745 2923 lihros
782 2852 889 2924 denno
925 2849 1074 2924 excussit
1104 2846 1248 2919 loannes

135 2963 350 3061 Lentingius.
395 2963 460 3036 His
484 2966 646 3038 accedunt
673 2965 882 3058 Florentini,
907 2968 954 3038 A.
968 2966 1111 3038 collatus
1138 2963 1179 3032 ah
1198 2960 1246 3032 Is.

135 3079 278 3174 vossio,
310 3082 366 3179 qui
389 3083 535 3180 scriptus
559 3093 610 3156 est
637 3081 907 3156 mendosissime:
935 3080 1054 3154 deinde
1078 3089 1146 3152 tros
1173 3076 1246 3168 alii,

135 3200 242 3271 notati
267 3201 413 3272 numeris
433 3201 470 3272 2.
499 3203 559 3272 10.
587 3201 647 3272 15.
674 3224 811 3297 quorum
837 3199 1019 3297 scripturas
1046 3195 1175 3270 rettulit
1198 3196 1246 3266 A.

135 3313 314 3405 Matthiae,
340 3323 576 3412 praetereaque
595 3314 829 3406 Taurinensis,
854 3315 1147 3410 Guelferbytanus,
1172 3310 1244 3382 Ha-

136 3430 300 3521 vniensis,
340 3431 565 3528 lectionesque
599 3455 619 3502 a
650 3429 695 3503 P.
727 3430 881 3506 Victoria
919 3432 1116 3520 adnotatae,
1157 3426 1244 3500 unde

134 3548 316 3620 translatae
335 3554 413 3620 sunt
435 3547 470 3618 in
485 3548 681 3644 impressum
697 3541 870 3646 exerhplar
896 3546 1116 3622 hihliotheoac
1142 3542 1243 3614 Pari-

134 3666 246 3756 sinac,
281 3664 338 3761 qni
364 3665 451 3737 liber
475 3663 620 3736 Puteani
652 3690 672 3736 a
705 3665 898 3762 qnihusdam
931 3671 1074 3738 uocatus
1099 3670 1170 3753 cst,
1206 3670 1242 3734 ct

133 3783 352 3878 fragmentum
380 3781 650 3875 Ambrosianum,
675 3785 741 3857 hoo
766 3791 837 3875 est,
863 3783 992 3872 charta,
1018 3804 1083 3877 qua
1107 3780 1142 3851 in
1164 3776 1240 3849 Ilo-

133 3899 214 3971 meri
237 3896 352 3972 codice
373 3897 595 3972 Aunhrosiauo
618 3901 749 3996 pictura
764 3901 923 3974 llectoris
937 3907 971 3972 et
986 3894 1241 3970 Andromachae

134 4016 242 4089 uelata
257 4023 326 4088 est:
352 4015 393 4091 de
417 4041 483 4117 qua
504 4017 634 4091 rettulit
654 4016 745 4114 Aug.
766 4017 891 4100 Maius.
934 4015 1020 4090 Vide
1044 4010 1239 4085 Buttmanui

133 4132 310 4221 editionem
333 4132 547 4208 Scholiorum
572 4135 608 4206 in
631 4132 816 4230 Odysseam
841 4161 876 4232 p.
902 4131 988 4208 582.
1015 4153 1085 4225 seq.
1127 4124 1240 4198 Doni·

133 4274 196 4347 quo
223 4272 266 4324 ax
280 4251 452 4349 impressis
466 4251 564 4325 libris
585 4252 691 4325 instar
707 4277 806 4326 mann
824 4251 1022 4348 scriptorum
1039 4252 1116 4319 sunt
1136 4243 1238 4317 editio

132 4374 287 4464 q‘nattuor
312 4365 557 4465 hagoediarnm
574 4368 771 4470 Florentino
796 4368 871 4444 laui
892 4363 1052 4442 Lasearis
1078 4386 1109 4440 a.
1129 4357 1238 4434 meo.
