3006 4952
634 313 636 318 ,
749 307 834 423 40,

156 541 216 604 395
224 531 293 605 οὐκ
318 529 500 629 ἐξικμύζω
524 534 588 608 καὶ
613 533 804 637 λογίζομαι
828 535 946 626 κακοί,

223 657 302 748 ἥτις
327 654 476 759 σφαγὰς
499 655 569 756 μὲν
585 658 757 760 Ἕκτορος
780 661 1054 760 τροχηλύτσυς·
1114 641 1115 644 ¹

223 780 395 857 κατεῖδον
418 787 584 883 οἰκτρῶς,
598 785 636 858 τ’
655 785 766 862 Ἴλιον
791 784 1041 887 πυρούμενον,

224 905 318 1001 αὐτὴ
339 905 380 983 δὲ·
406 904 521 1003 δούλη
545 915 640 993 ναῦς
665 911 723 985 ἔπ’
746 911 919 1016 Ἀργείων
945 914 1048 1011 ἔβην,

223 1028 341 1128 κόμης
365 1034 643 1109 ἐπισπασθεῖσ·
670 1035 747 1110 ἐπεὶ
771 1036 811 1113 d’
839 1034 1030 1138 ἀφικόμην

156 1155 376 1246 40οΦθίαν,
404 1166 583 1257 φονεῦσιν
598 1159 772 1260 Ἕκτορος
797 1159 1050 1263 νυμφεύομαι.

223 1281 261 1355 τί
285 1280 370 1391 τλῆτ’
396 1265 478 1382 snit
502 1282 568 1378 ζῆν
592 1283 689 1380 ἡδύ,
715 1284 807 1384 πρὸς
830 1286 882 1360 τῖ’
888 1285 962 1386 χρὴ
990 1287 1155 1383 filicem

224 1405 317 1506 πρὸς
340 1405 408 1493 τοῖς
432 1406 623 1510 παρούσας
646 1409 670 1507 ἢ
696 1381 956 1510 παρελθούσας
978 1407 1112 1506 τύχας,·

226 1531 277 1616 εἷς
301 1537 388 1617 παῖς
412 1532 474 1612 ὅδ’
499 1532 547 1629 ἦν’
570 1564 636 1634 μοι
662 1535 786 1620 λοιπὸς
811 1533 1010 1635 ὀφθαλμὸς
1034 1533 1140 1631 βίου·

227 1663 361 1734 τοῦτον
385 1663 535 1734 κτανεῖν
559 1659 774 1756 μέλλουσιν,
800 1660 855 1744 οἷς
877 1659 982 1737 δοκεῖ
1001 1657 1102 1736 τάδε.
1152 1731 1160 1750 ,

158 1781 274 1861 405ού
298 1782 394 1880 δῆτα
418 1790 488 1859 τοῦ
509 1784 597 1882 ’μσῦ
623 1784 663 1888 y'
689 1783 815 1860 οὕνεκ’
842 1773 980 1908 ἀθρόου
1005 1784 1111 1881 βίον·

6 1963 20 2004 (Ι
46 1919 92 1984 qis!
122 1932 183 1990 (st.

11 2047 24 2074 x'
62 2018 133 2086 ιι’νν
205 2091 207 2097 y

4 2119 13 2186 l
60 2115 214 2188 s'sldssrt

228 1908 269 1982 ἐν
293 1906 389 2010 τρῖύε
413 1905 484 2006 μὲν
509 1906 582 2012 γὰρ
609 1907 726 2006 ἐλπίς,
749 1915 781 1984 εἰ
803 1904 1030 2003 σωθήσεται·

231 2147 234 2155 ι

228 2162 302 2244 opud
321 2165 455 2225 liiddium
477 2189 505 2246 p.
524 2168 597 2234 381.
620 2166 781 2237 Porsonns‚
814 2168 894 2224 cuins
915 2164 1123 2225 adnotationem
1148 2151 1338 2244 scholiis'api

227 2250 322 2327 posuit
341 2248 491 2308 Matthiae.
540 2249 622 2308 Nihil
645 2248 825 2310 mutandum..
866 2252 940 2327 Quid
968 2269 1094 2328 queror,
1125 2248 1232 2327 inquit,
1263 2247 1339 2326 quod

225 2334 336 2410 prolem
352 2334 465 2412 peperi,
489 2342 518 2392 et
539 2351 594 2390 non
607 2335 706 2410 polc'cs
716 2335 883 2410 praesentio
900 2335 987 2412 defleo
1003 2335 1090 2406 molo,
1114 2350 1188 2411 qnae
1203 2334 1336 2402 Hectore,

226 2417 338 2493 patrois,
361 2415 494 2475 libertate
514 2416 631 2485 omisso,
654 2415 880 2484 aedilitatem,
904 2435 959 2492 quo
980 2419 1039 2476 οιλα
1060 2417 1132 2474 ruelii
1146 2415 1271 2474 iucundo
1287 2416 1341 2484 αἰ,

228 2500 287 2557 sive
303 2509 501 2577 praesentem,
524 2500 582 2560 sive
598 2498 790 2577 praeteritam
802 2496 957 2577 serlonem
976 2509 1108 2576 spectem.
1157 2499 1246 2558 Unum
1271 2498 1343 2557 milri

228 2583 361 2642 solatium
375 2583 512 2642 relictum
530 2590 613 2652 erat,
625 2580 722 2660 filrics.
766 2583 848 2639 Hunc
868 2599 972 2640 necere
992 2581 1103 2639 colunt.

311 2680 383 2742 395.
422 2673 582 2758 Ἐξικμύζω
610 2689 688 2736 reete
717 2677 883 2736 scholiastes
909 2696 962 2756 per
986 2670 1103 2757 δακρύω
1124 2677 1258 2756 explicat.
1295 2662 1341 2735 'ln'

228 2762 368 2843 Hesychii
384 2762 495 2841 glossa,
524 2757 712 2840 ἕξικμύζεται,
734 2755 890 2835 ἒξύλλαται,
912 2759 1072 2834 ἐξικνεῖται,
1094 2761 1173 2839 prior
1188 2760 1339 2840 explicatio

230 2844 266 2905 ad
295 2865 329 2906 ea
355 2856 480 2926 spectat,
510 2864 581 2924 quae
603 2842 729 2906 detracto
751 2844 868 2904 humore
890 2845 1016 2904 arelacta
1037 2841 1200 2922 dispereunt
1209 2886 1223 2916 ,.
1250 2843 1340 2902 altera

231 2928 267 2989 ad
289 2930 378 3008 ipsum
401 2930 557 2988 humorem.

313 3029 387 3092 396.
431 3029 586 3088 Barnesins
600 3027 670 3107 'post
689 3027 765 3086 hunc
785 3046 896 3086 versum
918 3024 953 3085 de
975 3046 1026 3084 suo
1047 3026 1122 3084 hunc
1147 3025 1266 3106 inseruit
1285 3045 1340 3084 non

234 3114 367 3194 optimum
388 3111 438 3172 καὶ
458 3107 539 3173 παῖδ’
564 3107 767 3190 ἀποβληθέντα
788 3105 953 3190 ’Περγάμων
974 3103 1085 3189 ἄκρων,
1113 3109 1179 3187 quia
1199 3107 1342 3188 Astyana·
1433 3181 1435 3185 y

233 3198 286 3256 ctis
317 3195 485 3254 mentionem
515 3195 695 3274 praeteritam
725 3212 787 3252 esse
819 3212 875 3251 non
905 3193 942 3250 sit
968 3190 1116 3250 credibile.
1169 3190 1245 3249 Sane
1266 3191 1342 3249 iliius

214 3276 357 3337 ·crudelis
378 3276 470 3336 obitus
492 3286 726 3336 commemoratus
748 3275 783 3334 ab
799 3273 1001 3335 Andromacha
1023 3285 1067 3333 est
1083 3275 1110 3332 in
1127 3274 1245 3355 prologo
1261 3295 1289 3333 v.
1309 3275 1340 3337 9.

233 3360 275 3421 At
297 3361 380 3420 etiam
402 3361 477 3419 infra
505 3381 533 3419 v.
550 3360 623 3423 452.
642 3378 722 3438 seqq.
747 3378 914 3438 quamquam
936 3359 975 3417 ibi
996 3353 1091 3430 recte,
1122 3358 1217 3416 omisit
1236 3355 1343 3437 Astya-

234 3455 355 3505 nactem.
399 3443 502 3523 Neque
524 3444 571 3502 hic
593 3463 649 3500 non
671 3444 800 3501 consulto
822 3443 1037 3523 praetermissus
1058 3439 1180 3513 videtur,
1208 3442 1274 3519 quia
1295 3441 1343 3497 vin

233 3525 379 3586 commode
401 3529 505 3586 mentio
527 3528 588 3585 eins
611 3526 673 3584 fieri
694 3536 817 3603 poterat,
842 3526 896 3583 nisi
918 3545 981 3584 cum
998 3523 1117 3604 quadam
1134 3522 1342 3602 comparatione

233 3611 390 3691 praesentis
411 3611 493 3682 mali,
529 3621 560 3667 ut
581 3610 682 3666 iterum
705 3608 759 3667 sibi
780 3609 852 3687 eripi
875 3608 962 3667 filium
984 3619 1014 3668 et
1034 3608 1118 3666 morti
1139 3605 1201 3664 dari
1221 3603 1340 3663 diceret.

232 3693 376 3752 Acerhior
401 3703 493 3751 entem
523 3690 614 3750 videri
634 3688 835 3770 Astyanactis,
868 3712 951 3770 quam
971 3690 1092 3752 Molossi
1114 3707 1189 3747 mors
1203 3685 1341 3758 debebat,

129 3801 132 3806 ¹
235 3795 353 3857 qnorum
375 3776 448 3834 alter
470 3775 595 3853 legitimo
610 3775 751 3853 ¹coniugio
773 3787 802 3834 et
817 3777 897 3853 regio
919 3776 983 3834 ioco
1005 3783 1086 3831 natus
1107 3790 1159 3830 rex
1173 3770 1278 3830 Troiae
1300 3771 1345 3828 lu-

234 3871 313 3918 turos
333 3855 412 3931 erat,
445 3859 517 3916 alter
538 3877 574 3916 ex
596 3859 708 3939 captiva
728 3859 823 3918 servili
845 3859 980 3938 obsequio
1002 3855 1113 3933 genitus
1134 3854 1272 3931 originem
1294 3852 1345 3912 ha-

146 3983 150 3992 ·
233 3943 283 4002 bet
303 3963 357 4002 non
379 3962 497 4002 vacuam
519 3941 640 4001 macula.

317 4043 390 4104 399.
435 4040 520 4101 Lase.
543 4039 613 4101 Ald.
637 4040 701 4100 rell.
725 4031 950 4105 οἰκοστιασθεῖσῖ.
992 4035 1061 4094 Par.
1083 4032 1122 4094 Α.
1147 4032 1184 4093 Β.
1203 4033 1243 4094 D.
1261 4035 1342 4094 Flor.

188 4191 192 4202 q
236 4125 287 4188 1⁰.
305 4127 356 4188 15.
374 4125 470 4186 Havn.
489 4119 705 4199 ἐτιιστιασθεῖύ,
726 4134 758 4182 ut
772 4123 926 4183 Piersonus
943 4129 1108 4178 correxerat
1122 4117 1220 4178 Veris.
1245 4139 1274 4198 p.
1290 4107 1350 4182 72:

319 4223 392 4288 400.
437 4222 506 4284 Aid.
526 4225 589 4283 rell.
608 4222 731 4302 φονεῢσί
755 4217 788 4283 θ’
810 4217 960 4299 Ἕκτορος.
1004 4215 1119 4278 Caeteri
1141 4222 1282 4296 φονεῦσιν
1293 4214 1346 4277 “E-

234 4325 391 4450 movim
436 4388 505 4450 Ald.
530 4391 594 4450 rell.
617 4393 733 4451 κτενεῖν.
762 4362 860 4452 ,[εεο.
884 4395 914 4443 et
935 4384 1018 4446 codd.
1042 4389 1164 4446 κτανεῖν.

262 4553 279 4576 η
320 4473 393 4577 495.
438 4477 525 4538 Taur.
552 4476 740 4539 eoeleste.
766 4475 829 4536 rell.
854 4468 953 4538 εἵνεκ’.
995 4474 1080 4535 Lose.
1105 4487 1135 4536 et
1156 4475 1262 4537 caeteri
1284 4471 1347 4532 libri

242 4579 351 4618 occec.
1245 4584 1249 4589 ·
