3006 4952
665 333 712 390 Vll

128 515 238 580 nutcrn
268 505 305 578 in
329 502 414 576 locis
434 526 550 576 roauus
575 502 863 601 deprehendantur
894 513 1140 600 correctorum„
1179 507 1237 604 qui

128 626 182 698 uel
213 623 365 718 ambigue
398 621 525 718 scripta
561 627 622 718 pro
654 645 715 694 suo
747 623 887 698 arbitrio
920 625 1139 716 mutaverint,
1182 625 1235 696 uel

127 742 251 814 omissa
273 737 520 836 suppleverint,
550 739 603 810 uel
627 744 733 810 metra
756 739 910 816 laborare
935 743 1007 814 uisa
1027 742 1061 814 in
1085 741 1235 814 ordinem

126 858 277 953 redigere
290 856 489 946 studuerint,
505 861 681 952 tantusque
696 862 747 928 est
760 879 913 930 numerus
931 881 1094 950 uersuum,
1109 859 1144 930 in
1160 859 1233 955 qui-

126 977 187 1048 hus
210 977 346 1048 coculae
363 971 536 1070 quaedam,
562 998 660 1070 quurrr
682 973 717 1044 in
739 974 967 1070 antiquissimo
984 975 1071 1048 lihro
1092 975 1234 1048 omissae

125 1101 248 1186 esseut,
274 1093 309 1163 irr
336 1091 413 1162 aliis
438 1089 608 1164 codicibus
634 1117 707 1164 curn
730 1090 807 1164 aliis
824 1093 994 1164 uocabulis
1014 1099 1234 1165 commutatae

124 1218 214 1303 sunt,
236 1218 273 1283 ut
298 1230 549 1306 saepenumero,
574 1209 673 1282 etiarn
691 1195 887 1293 ubiomrres
908 1210 988 1282 libri
1009 1209 1232 1300 consentiunt,
1271 1239 1275 1248 ’

122 1328 254 1400 librarii
271 1326 399 1398 hiantia
415 1326 568 1423 impcrite
588 1327 763 1401 sancientis
778 1311 895 1400 manus
913 1335 1082 1423 appareat.
1119 1327 1234 1418 Quare

122 1446 235 1518 nullus
258 1445 347 1518 liber
361 1449 425 1537 est,
451 1470 547 1542 quern
573 1444 693 1540 ubique
718 1445 812 1540 sequi
831 1445 945 1537 liceat,
968 1445 1026 1517 sed
1042 1443 1138 1516 modo
1154 1443 1232 1516 trino

122 1561 220 1633 modo
252 1561 349 1635 illinc
375 1559 617 1658 decerpendum
642 1567 714 1651 est,
744 1560 831 1657 quod
863 1585 885 1632 a
915 1569 1014 1658 poeta
1046 1561 1231 1659 proiectum

124 1677 229 1749 videri
252 1680 378 1772 possit,
401 1701 568 1774 saepeque
582 1677 692 1765 ‘etiarn
725 1685 842 1750 contra
864 1678 971 1750 libros
996 1704 1109 1752 onrnes
1129 1679 1232 1751 resti·

121 1794 292 1898 tuendum,
318 1796 405 1893 qnod
430 1797 472 1868 ab
497 1795 640 1867 indoctis
666 1795 911 1869 correctoribus
933 1797 1075 1894 positum
1095 1820 1173 1867 usus
1196 1802 1231 1868 et

120 1912 208 1984 ratio
233 1914 359 1986 erroris
382 1914 505 2010 arguit.
544 1911 585 1984 In
611 1938 675 2010 qua
690 1939 729 1986 re
743 1913 912 1985 minimam
937 1914 1113 1984 utilitatem
1128 1935 1231 2007 prae·

120 2028 200 2101 herrt
222 2029 354 2103 codices
380 2029 602 2103 Taurinensis
625 2038 661 2103 et
682 2019 982 2125 Guelferbytanus,
1016 2029 1073 2124 qni
1093 2051 1231 2124 perraro

121 2145 247 2242 aliquid
273 2149 429 2238 offerunt,
455 2145 541 2244 quod
563 2170 629 2218 non
654 2146 690 2218 in
707 2147 831 2218 Aldina
856 2145 972 2218 autin
999 2145 1076 2216 aliis
1099 2145 1144 2217 sit
1169 2169 1231 2216 co·

120 2261 251 2334 dicibus
274 2263 446 2358 scriptum.
493 2262 610 2360 ltaque
637 2287 735 2361 quum
761 2263 966 2360 propositum
992 2262 1167 2351 haberem,
1195 2268 1231 2333 ut

119 2402 193 2450 earn
217 2379 408 2475 tragoediae
425 2379 563 2452 lorrnam
585 2389 882 2477 repraesentarem,
906 2403 990 2475 quae
1007 2403 1070 2452 nce
1089 2378 1230 2451 harbure

119 2503 177 2567 aut
201 2497 334 2569 soloece
359 2496 472 2587 dictis,
497 2521 604 2594 neque
621 2498 745 2594 ineptis
769 2495 957 2586 sententiis,
981 2517 1088 2592 neque
1112 2495 1229 2566 incon·

119 2611 198 2684 ditis
221 2613 367 2686 numeris
391 2613 550 2686 lectorem
575 2621 773 2705 moraretur,
795 2613 861 2685 lroc
884 2619 936 2684 eat
960 2613 1073 2702 talem,
1099 2611 1230 2707 qualern

119 2729 162 2800 ab
195 2726 360 2826 Euripide
393 2730 576 2827 prolectam
609 2754 683 2804 esse
715 2755 783 2802 non
813 2737 902 2803 esset
933 2725 1150 2819 incredibile,
1186 2727 1229 2800 iis

119 2868 204 2942 quae
227 2869 357 2941 quoqne
381 2846 417 2916 in
440 2834 517 2919 loco
548 2847 692 2943 optimae
728 2845 915 2919 riderentur
943 2845 1129 2940 scripturae
1153 2867 1228 2916 esse

119 2986 198 3035 usna
229 2986 321 3053 surn,
354 2963 502 3035 indicata
531 2963 704 3060 potissima
738 2961 930 3036 diuersitate
955 2960 1131 3050 lectionis,
1162 2984 1227 3054 quo

96 3082 227 3154 lector
250 3081 323 3177 ipse
347 3080 510 3172 iudicare,
535 3089 582 3171 et,
607 3079 750 3152 sialiter
765 3078 918 3168 sentiret,
943 3075 1112 3173 praeferre
1127 3075 1227 3149 aliurn

46 3185 48 3188 ⁵
118 3197 316 3293 scripturam
348 3206 473 3293 posset.
523 3196 601 3270 Nou
633 3221 746 3270 omnes
778 3203 887 3268 autern
920 3192 1065 3266 indicaui
1098 3190 1228 3266 disere·

117 3313 269 3411 pantias,
298 3312 384 3408 quod
417 3338 529 3386 earum
563 3315 746 3410 permultae
772 3311 855 3385 nihil
881 3310 948 3383 nisi
976 3310 1113 3383 rncndae
1137 3317 1227 3400 sunt,

118 3429 244 3502 nullam
261 3427 303 3500 ad
320 3453 431 3503 rerum
449 3429 678 3502 inveniendum
698 3428 875 3500 utilitatem
889 3426 1060 3500 habentes.
1110 3424 1159 3498 nt
1173 3427 1226 3498 uel

119 3548 171 3636 sie
192 3571 309 3620 uereor
330 3571 373 3618 ne
397 3547 611 3643 pluraquam
631 3541 1062 3645 opuseratadnotauerim.
1098 3542 1226 3634 Quam·

119 3689 216 3764 qnam
239 3665 276 3736 in
302 3663 389 3736 hauc
414 3688 511 3762 quarn
536 3663 571 3736 in
597 3663 797 3737 contrariam
823 3670 950 3759 partem
977 3684 1117 3758 pcerarc
1142 3685 1226 3734 corr·

119 3783 237 3858 sultins
261 3781 355 3854 duni.

219 3941 295 4032 Quo
322 3948 471 4038 ternpore
486 3939 752 4012 Andromacham
776 3933 1134 4032 docueritEnripides,
1159 3955 1224 4003 non

120 4065 261 4130 constat.
312 4056 355 4131 Si
377 4059 469 4150 urbs,
496 4082 592 4155 quarn
620 4055 797 4130 Menelaus
822 4080 854 4127 u.
877 4055 964 4129 720.
987 4052 1087 4142 dicit,
1112 4049 1224 4142 Argos

120 4183 190 4265 est,
232 4176 412 4248 uerisimile
452 4183 503 4248 est
542 4176 699 4272 scriptam
738 4197 810 4247 esse
849 4178 990 4243 exeunte
1024 4165 1224 4264 Olympiade

117 4289 333 4366 LXXXIX.
364 4319 428 4391 quo
452 4301 599 4390 ternpore
622 4291 742 4388 Argiui
767 4289 808 4361 ad
834 4297 946 4386 partes
972 4284 1224 4358 Atheniensium

119 4407 335 4504 transierunt,
359 4418 397 4484 ut
421 4410 464 4482 ad
490 4435 563 4485 eurn
585 4408 694 4484 locurn
725 4405 883 4480 indicaui.
933 4402 1071 4478 Samuel
1092 4403 1225 4478 Potitus
1356 4425 1368 4448 ⁵
