3006 4952
823 333 873 388 llll

293 502 364 575 rita
374 501 642 600 periclitabatur.
680 500 860 598 Reliquum
874 499 904 572 oi
922 499 1002 598 quid
1023 508 1087 594 est,
1111 500 1255 600 positum
1275 502 1311 575 id
1328 527 1395 577 csse

294 618 392 692 debet
408 619 443 690 iu
459 618 635 716 puniendis
655 618 717 710 iis,
742 644 878 715 quorum
897 609 1025 690 malitia
1046 619 1187 717 perituri
1208 626 1304 694 eraut
1325 619 1397 694 Au·

293 734 471 808 dromacha
494 743 528 809 et
547 735 646 809 filius.
697 735 745 808 At
769 737 855 809 alter
888 760 1021 827 eoram,
1053 735 1251 828 Menelaus,
1275 761 1396 834 poenae

293 876 371 924 ase·
381 851 553 945 subduxit,
573 851 731 950 Spartam
749 859 911 951 repetens.
948 852 1069 926 Restat
1084 861 1194 926 tamen
1208 851 1396 927 Hermiona.

292 967 412 1043 Prodit
431 969 534 1065 igitur
552 971 666 1043 nutrix
689 970 778 1063 eius,
801 970 912 1066 patris
931 970 1098 1068 praesidio
1118 969 1308 1046 destitutam
1330 993 1396 1042 me-

290 1095 501 1184 tuentemque
517 1087 604 1159 uitae
622 1111 702 1160 snae
726 1089 766 1158 ab
786 1085 1021 1184 Neoptolemo,
1047 1087 1076 1159 si
1095 1087 1127 1160 is
1143 1085 1269 1178 redeat,
1294 1087 1397 1183 ipsam

206 1196 212 1204 ’
289 1203 355 1274 sibi
370 1227 487 1276 manus
501 1203 625 1277 inferre
646 1205 731 1276 vello
752 1227 903 1276 nameus.
954 1202 1178 1301 Subsequitur
1199 1203 1310 1277 statim
1326 1204 1397 1300 ipsa

290 1318 487 1413 Hermiona,
510 1319 795 1393 vehementissimo
820 1321 930 1392 enimc
951 1321 1088 1418 agitata,
1114 1344 1252 1418 seseque
1273 1320 1396 1392 abomi-

290 1461 386 1529 nans,
413 1436 502 1510 etde
525 1437 632 1510 salute
657 1436 847 1534 desperans.
899 1437 1005 1528 Quam
1026 1437 1083 1509 ubi
1103 1435 1270 1510 consolari
1288 1434 1396 1508 studet

289 1554 417 1652 nutrix,
443 1553 484 1626 de
506 1554 684 1652 improvisu
707 1554 839 1627 advenit
862 1551 1022 1646 Orestes,
1050 1555 1105 1652 qni
1127 1561 1298 1652 postquam
1320 1551 1396 1650 quid
1427 1574 1431 1584 ’

290 1651 400 1743 actum
423 1670 468 1743 sit
491 1671 642 1764 audivit,
662 1696 728 1743 uon
750 1672 907 1772 ignotum¹
920 1671 985 1744 sibi
1003 1670 1205 1743 Hermionae
1222 1693 1295 1742 cum
1316 1668 1394 1741 Au-

290 1785 468 1860 drcmacla
487 1787 656 1860 dissidium
675 1775 791 1882 luisse,
813 1787 871 1860 sed
890 1794 1102 1885 exspectasse
1117 1810 1153 1858 se
1171 1787 1265 1879 dicit,
1287 1793 1393 1858 utrum

289 1929 446 1978 mansura
477 1905 563 2002 apud
589 1905 865 2002 Neoptolemum,
904 1928 945 1975 au
976 1904 1136 1976 relictura
1167 1905 1238 1978 eius
1266 1904 1394 1976 donnum

288 2003 389 2127 ¹esset,
404 2020 493 2094 etad
508 2048 557 2114 se,
576 2025 630 2094 cui
651 2022 729 2094 clim
746 2003 937 2102 aMeuelau
952 2019 1150 2117 desponsata
1168 2021 1297 2114 inisset,
1315 2046 1395 2094 cou-

287 2161 433 2210 ccssura.
482 2137 549 2210 Illa
567 2139 669 2234 igitur
688 2148 773 2231 crat,
801 2148 838 2212 ut
863 2163 960 2238 quam
983 2138 1155 2210 celerrime
1178 2163 1214 2212 se
1238 2139 1315 2212 linc
1333 2141 1395 2213 ab·

286 2253 386 2326 ducat
401 2251 555 2346 Orestes,
570 2256 664 2352 isque
680 2255 846 2352 significat
867 2257 908 2327 alr
929 2281 964 2328 se
981 2263 1123 2328 structas
1140 2255 1226 2352 apud
1242 2255 1394 2353 Delplms

286 2369 425 2442 insidias
449 2396 524 2445 esse
551 2371 773 2470 Neoptolemo
782 2423 794 2465 ,
837 2372 1024 2468 exquibus
1050 2373 1110 2445 illo
1139 2373 1272 2445 nonsit
1301 2373 1394 2447 uivus

285 2470 452 2562 evasurus.
495 2485 626 2562 cuorus
645 2499 753 2562 autem
775 2489 863 2560 mala
881 2497 1041 2561 memorat
1062 2513 1105 2561 ex
1127 2490 1216 2562 bellu
1238 2489 1393 2564 Troiane

283 2603 428 2678 Graecis
451 2613 485 2679 ct
505 2607 656 2678 barbaris
682 2615 780 2699 nata,
822 2604 909 2703 quod
935 2630 1068 2678 carmen
1095 2605 1224 2679 Hardio
1249 2632 1282 2705 p.
1305 2607 1394 2682 279.

283 2722 430 2819 grauiter
452 2722 630 2820 vituperat,
651 2724 836 2820 periculum
852 2721 1066 2820 Neoptolemi
1082 2721 1192 2820 potius
1213 2724 1395 2796 sollicitum

282 2841 404 2913 labere
425 2840 561 2914 chorum
580 2839 700 2934 deluere
722 2840 927 2913 existimans.
987 2840 1035 2913 At
1050 2838 1091 2911 de
1106 2839 1170 2912 hac
1190 2864 1226 2912 re
1245 2840 1275 2912 si
1289 2865 1395 2914 caue-

280 2955 482 3051 uctcllcrns,
508 2957 676 3030 desereret
696 2957 841 3030 cilicium
871 2982 985 3049 snum,
1018 2981 1124 3054 neque
1149 2957 1393 3050 consolaretur,

282 3073 368 3172 quod
384 3099 458 3147 eum
475 3074 586 3148 lacera
603 3075 710 3168 decet,
730 3075 958 3166 Hermionam,
981 3073 1039 3146 sed
1054 3071 1210 3145 inuidiam
1228 3073 1394 3148 excitaret

280 3188 410 3264 Oresti.

286 3407 289 3410 ,
380 3329 435 3403 Ita
458 3331 562 3428 igitur
580 3333 678 3405 etiam
696 3332 879 3406 Hermiona
904 3353 1028 3430 poenas
1051 3330 1179 3427 elingit,
1206 3330 1392 3428 etquidem

280 3472 380 3544 casu,
400 3449 456 3545 qui
478 3450 594 3523 modus
616 3451 761 3522 omnium
782 3451 915 3522 minime
940 3447 1142 3542 probandus.
1194 3447 1329 3544 Tegere
1355 3447 1393 3518 id

280 3563 411 3662 qnidam
433 3566 559 3639 studuit
582 3565 763 3666 Euripides
783 3591 836 3656 eo,
863 3563 949 3660 quod
964 3567 1159 3661 promissam
1172 3565 1251 3648 clim
1271 3561 1393 3636 Oresti

278 3681 379 3773 iecit,
414 3681 502 3755 lunc
522 3693 629 3757 autem
654 3689 901 3780 exspectantem
941 3680 1020 3776 quid
1038 3681 1169 3768 lactura
1192 3689 1280 3756 essct
1298 3688 1394 3753 metu

276 3795 502 3894 Neoptolemi.
552 3800 600 3873 At
614 3800 718 3872 nihilo
735 3798 842 3868 minus
856 3798 955 3894 plane
969 3798 1124 3872 lortuitus
1138 3809 1248 3872 manet
1262 3799 1394 3872 adveu-

277 3923 331 3988 tus
348 3912 495 3989 Orestis.
535 3915 621 3989 Nam
637 3911 858 3988 fortuitnm'iu
887 3914 1006 3987 tabulis
1028 3916 1172 3989 scenicis
1198 3913 1393 4012 est,·quid·

277 4031 357 4130 quid
378 4058 443 4106 nou
470 4059 513 4107 ex
538 4034 593 4125 iis,
620 4056 703 4129 quaa
719 4031 814 4104 initio
830 4031 940 4130 posita
966 4041 1043 4106 suut
1063 4035 1240 4126 elementa,
1266 4057 1393 4104 neccs-

277 4150 365 4221 saria
390 4149 615 4248 ccuseqnitur.
775 4159 779 4166 ’

378 4296 475 4388 Quod
500 4296 530 4368 si
562 4321 629 4372 non
660 4305 840 4370 rectorem
873 4298 922 4369 ita
946 4295 1090 4370 instituit
1114 4292 1315 4389 Euripides,
1349 4300 1394 4366 ut

275 4411 452 4486 Menelaus
478 4421 511 4484 et
528 4411 724 4506 Hermiona,
750 4439 887 4512 quorum
902 4413 1099 4488 malitiosam
1120 4411 1291 4486 saeuitiam
1308 4410 1393 4508 qui·
