2982 4948
515 487 548 558 Β
556 488 645 560 PM
650 489 669 556 Ι
679 485 757 562 ΟΝ
764 487 813 557 H.

221 614 317 708 οἴμοι
342 605 496 706 πότμου.
676 623 678 630 “

220 741 295 809 ποῦ
319 763 383 832 μοι
408 732 526 833 πυρός
550 731 640 834 φέλα
666 729 761 832 φλόξ
767 761 780 820 ,·

221 866 293 934 ποῦ
316 858 360 935 (λ’
386 863 437 942 ελς
458 858 593 958 πέτρας
618 858 747 956 οἷερθεό

219 983 243 1080 ἢ
267 981 364 1069 κατὰ
390 980 530 1068 πόντον
554 981 577 1078 ἢ
602 983 697 1088 καθ’,
725 981 821 1056 ὕλαν
844 980 973 1080 ὀρέων,

90 1190 97 1199 ,
220 1113 285 1186 ἵνα
309 1112 483 1186 θανοῦσα
508 1107 732 1210 νερτέροισιν
757 1104 877 1204 μέλεος

542 1295 578 1367 Τ
583 1294 799 1369 ΡΟΦΟΣ.

118 1418 155 1494 τέ
179 1425 298 1494 ταῦτα
323 1418 499 1516 μοχθιῖςς
525 1414 719 1517 συμφοραὶ
745 1410 920 1508 θεήλατοι

120 1551 234 1620 πᾶσιν
257 1544 450 1642 βροτοῖσιν
473 1539 497 1635 ἢ
521 1537 604 1617 τότ’
630 1536 751 1634 ἦλθον
774 1535 918 1632 ἢτότε.

519 1729 678 1800 EPMI
687 1725 767 1799 ΟΝ
769 1727 820 1800 Η.

223 1853 339 1933 ἔλιπες
362 1851 477 1933 ἔλιπες
483 1903 496 1937 ,
523 1844 713 1948 ὦπάτερ,
739 1847 919 1924 ε’πακτίαν

221 1970 366 2073 μονάδ’
394 1976 529 2074 ἔρημον
553 1969 672 2050 οὖσαν
697 1970 831 2050 ἐνάλου
856 1967 994 2055 κώπας.

225 2102 315 2188 ὀλεῖ,
343 2099 420 2174 ὀλεῖ
440 2099 506 2198 μ’·
539 2097 661 2173 οὐκέτι
685 2096 779 2195 τᾷόέ
800 2096 839 2199 γ’
866 2091 1044 2192 ὀνοικήσω
1161 2105 1163 2112 “

224 2222 419 2324 νυμφιόέῳ
446 2222 567 2325 στέγᾳ.
598 2225 653 2269 Η
670 2222 689 2268 *
705 2225 725 2268 ὀ
740 2225 761 2268 Β

224 2347 326 2431 ’τίνος
352 2343 581 2450 ἀγαλμάτων
604 2346 715 2430 ἱκέτις
739 2347 902 2447 ὁρμαθοῦ

205 2666 279 2729 826.
327 2665 396 2726 Ald.
428 2666 492 2727 rell.
516 2666 597 2727 Flor.
622 2666 673 2733 10.
698 2666 794 2726 Guelf.
817 2665 906 2725 Taur.
934 2662 1032 2748 πέρας.
1083 2665 1168 2724 Lasc.
1200 2676 1230 2726 et

126 2751 232 2811 caeteri
255 2747 336 2811 codd.
358 2749 470 2833 πέτρας.

206 2849 281 2912 827.
325 2847 405 2907 Libri
434 2843 508 2910 κατὰ
530 2843 655 2922 πόντον,
684 2859 749 2908 ante
771 2868 843 2926 quae
865 2844 991 2908 verba*
970 2873 991 2929 η
1013 2870 1076 2910 cum
1099 2848 1229 2909 Seidlero

128 2929 232 2990 addidi
275 2929 375 2990 Potuit
394 2933 479 2990 etiam
500 2925 574 2992 κατά
593 2951 624 2990 τε
643 2924 750 2990 πόντον
770 2931 907 2992 scribere.

209 3029 281 3093 828
326 3028 407 3087 Libri
427 3025 590 3112 νερτέροισι.
633 3025 767 3088 Correxit
785 3028 938 3087 Heathins

209 3129 281 3192 831.
327 3128 396 3188 Par.
420 3127 456 3186 Β.
488 3126 568 3187 ΒΙοε.
591 3126 631 3188 A.
662 3129 711 3192 10.
743 3131 794 3191 15.
826 3126 947 3203 ἔλειπες,
977 3126 1115 3200 ἔλειπες.
1142 3127 1228 3187 Lase.

128 3208 194 3272 Ald.
216 3223 247 3272 et
271 3213 376 3272 caeteri
397 3210 480 3270 codd.
505 3210 616 3287 ἐλιπες,
645 3210 746 3285 ἔλιπες.
788 3207 1024 3291 Ρεοοοπτεο·μ’,
1046 3213 1179 3270 omissum
1202 3213 1230 3270 in

36 3322 38 3326 ⁴
129 3291 212 3353 [εει.
235 3295 306 3354 ΑΙό.
338 3296 403 3354 rell.
434 3292 541 3353 addunt
568 3293 649 3354 Flor
672 3295 712 3353 A.
746 3296 795 3359 10
827 3297 876 3358 16.
908 3295 1003 3354 Havn.
1034 3294 1104 3355 Par.
1128 3291 1167 3355 A.
1191 3294 1228 3356 B.

131 3388 194 3436 ante
215 3376 361 3439 ἐπακτέαν.
404 3377 550 3436 8εἰόΙεειιε
571 3389 705 3458 posuerat
724 3389 789 3458 post
808 3376 953 3440 ἐπακτέαν.

212 3477 284 3539 832.
338 3476 436 3536 Libri·
475 3471 540 3549 άςελ
575 3469 696 3557 μονάδ’
722 3475 838 3578 ἔρημον
857 3463 948 3538 οὖσαν
976 3474 1091 3538 ἐναλέοα
1124 3472 1231 3551 κάπας.

133 3557 212 3618 Eieci
233 3558 357 3621 Seidleri
379 3561 485 3620 monitu
507 3555 587 3636 άςεί,
609 3562 766 3640 scripsique
787 3554 899 3623 ἐνάλου.

212 3659 284 3724 833.
337 3660 452 3739 Vulgo:
482 3654 619 3737 ὀλεῖμ’,
647 3655 709 3722 ὀλεῖ
728 3682 771 3738 με.
794 3654 890 3722 οόκέτι
910 3655 977 3746 τᾷδ’
1002 3654 1143 3740 ἐνοικήσει
1162 3684 1233 3741 νο

136 3741 222 3826 φιόέῳ
242 3744 333 3828 στέγα
375 3744 444 3805 Par.
468 3742 504 3801 Β.
529 3742 610 3802 Βλοτ.
633 3746 684 3806 16.
707 3743 787 3828 τῷδε.
829 3741 917 3803 Iidem
928 3723 1005 3804 10ιεί
1026 3755 1056 3804 ει
1075 3745 1155 3803 ΒΙοτ.
1180 3746 1230 3807 10.

136 3805 228 3885 Ηινό.
259 3771 350 3928 στέγρ.
401 3825 565 3886 8εἰόλετοε.
597 3821 674 3902 ὀλεῖ,
701 3805 764 3900 ὀλεῖ
788 3850 829 3906 με.
857 3824 924 3912 τᾷδ’
953 3821 1049 3890 οὐκέτ’
1081 3821 1231 3931 ἒνοικήσοι.

138 3903 197 3963 Aut
216 3909 267 3969 hoc
288 3891 343 3972 emt
363 3909 549 3991 probandum,
573 3920 622 3968 aut
643 3873 717 3988 quod
730 3929 784 3987 ego
804 3889 884 3984 dedi,
903 3907 999 3972 οὐκέτι
1017 3905 1136 3995 τᾶὀέγ’
1161 3907 1233 3971 ἐνοι-

139 3983 224 4068 κησω.

219 4089 289 4154 836.
333 4090 413 4152 Lib1i
432 4094 511 4167 τίνος
531 4087 700 4176 ἀγαλμάτων
720 4090 806 4165 έκέτις
827 4087 961 4172 ὀρμαθῶ,
983 4101 1014 4148 ut
1028 4090 1113 4151 [τεο.
1137 4103 1167 4151 et
1182 4094 1235 4152 ali-

142 4182 208 4250 quot
227 4172 308 4234 codd
331 4177 377 4234 vel
399 4171 543 4286 ὀρμάθοι,
558 4188 590 4235 ut
611 4176 660 4235 alii
682 4196 745 4235 cum
766 4173 882 4234 Aldina.
935 4173 1109 4234 lacobsius'
1101 4196 1129 4234 ιιι
1151 4173 1235 4236 Curis

142 4255 316 4337 secundisp.
344 4260 396 4321 67.
419 4259 496 4332 τένος
525 4255 745 4344 άγαλμαθεῶν.
794 4256 926 4317 Athaco
948 4277 1001 4318 nee
1023 4258 1114 4318 facilis
1135 4259 1236 4319 verbo-

142 4359 202 4398 rum
224 4342 393 4402 consuuctio
414 4352 473 4412 est,
497 4363 587 4422 neque
608 4345 662 4402 hoc
684 4345 747 4402 loco
769 4343 884 4420 elegans
906 4351 1080 4400 contractum
1102 4343 1130 4401 in
1153 4363 1235 4403 unam

144 4424 275 4502 syllabam
296 4436 362 4506 post
381 4426 494 4485 brevem
515 4428 639 4486 vocalem
660 4431 755 4501 θεῶν,
785 4423 914 4505 quodque
936 4424 1023 4483 multo
1044 4428 1157 4506 gravius
1179 4439 1234 4499 est,

145 4517 197 4567 tam
219 4529 253 4570 ex
274 4511 396 4590 abrupto
418 4510 488 4570 haec
509 4507 619 4568 adiecta
639 4522 722 4584 sunt,
752 4521 782 4570 ut
811 4529 866 4570 non
893 4508 1074 4570 dubitandum
1095 4509 1233 4583 videatur,
