3006 4952
631 320 678 394 25

100 512 250 604 φιλοῦσι
276 501 348 606 γάρ
375 504 411 599 μ’
425 504 591 598 Ἕλληνος
607 502 780 604 Ἕκτορός
802 505 831 578 τ’
861 505 945 594 ἄπο,
1001 505 1005 514 ’

101 627 196 725 οιῦτή
218 631 248 704 τ’
277 628 430 728 ἀμαυροὶ
452 629 520 704 κοῦ
543 631 726 727 τῦροιννος
749 626 797 724 ἦν
823 635 1000 734 Φρυγῶν.
1064 620 1119 690 ἰ·
1150 668 1169 686 „

100 757 170 831 οῦκ
197 758 236 852 ἐξ
259 757 360 850 έμιῦν
380 779 419 830 σε
445 751 658 853 φαρμάκων
684 761 811 856 στυγεῖ
830 753 945 844 πόσις,

102 881 178 952 ἀλλ’
202 885 232 953 ελ
260 883 423 964 ξυνεῖναι
445 879 497 975 μὴ
519 878 701 974 ’πιτηιλεία
724 887 856 978 κυρεῖς.

102 1003 257 1103 φίλτρον
281 1002 322 1078 δὲ
347 1004 411 1080 καὶ
430 1001 522 1080 τόδ’·
549 1004 594 1078 οῦ
615 1003 658 1080 τὸ
680 1001 828 1093 κάλλος,
855 1003 885 1079 εὖ
909 1002 1034 1106 γῦνοιι,

100 1130 176 1203 ἀλλ’
198 1129 342 1227 ιοἰρετιιὶ
360 1129 532 1229 τέρπουσι
559 1129 647 1213 τοῦς
673 1132 899 1214 ξυνευνέτας.
949 1137 951 1144 ‘

102 1253 148 1328 σῦ
175 1253 210 1329 (0
237 1256 285 1348 ἥν
309 1281 345 1328 τι
369 1256 544 1349 κνισΘῇς,
571 1254 594 1349 ἡ
619 1251 798 1331 Arxama
823 1255 894 1354 μὲν
919 1255 1023 1336 πόλις

99 1379 179 1481 μέγ’
206 1379 301 1467 ἐστί,
327 1378 395 1474 τὴν
422 1378 462 1454 (λέ
488 1387 643 1478 Σκῦρον
667 1380 839 1479 οὐδαμοῦ
863 1380 984 1476 τίθης,
1133 1394 1135 1400 “
1219 1387 1281 1454 210

101 1509 269 1587 πλουτεῖς
294 1503 328 1578 δ’
354 1506 395 1578 ἐν
418 1503 464 1577 οῦ
488 1510 708 1590 πλουτοῦσι,
735 1505 930 1589 Μενέλεως
955 1506 999 1582 (λέ
1021 1531 1077 1582 σοι

100 1627 239 1724 μείζων
259 1627 456 1724 Ἀχιλλέως.
482 1630 603 1702 τοῦτοί
625 1628 684 1703 τοί
707 1629 737 1704 o‘
765 1631 867 1725 ἔχθει
893 1629 1007 1715 πόσις.

97 1752 171 1854 χρὴ
197 1752 270 1856 γὰρ
292 1758 474 1855 γυναῖκα,
501 1752 575 1829 κᾶν
600 1762 707 1854 rotae*
734 1754 834 1851 δοθῇ
859 1753 976 1844 πόσει,

102 1879 283 1981 στέργειν,
308 1875 468 1977 ἅμιλλοίν
491 1879 521 1952 τ’
548 1880 618 1954 οῦκ
640 1881 735 1975 ἔχειν
760 1876 1009 1980 φρονήματος.

49 2007 51 2012 ’
101 2009 133 2078 ελ
158 2003 193 2079 δ’
217 2002 317 2102 ἀμφὶ
345 2009 501 2103 Θρῃκῶν
523 2000 624 2098 χιόνι
648 2012 720 2106 γῆν
744 2001 977 2100 κατάρρυτον
1120 1992 1123 1997 ’
1217 2015 1283 2077 215

101 2124 290 2226 τύραννον
313 2130 414 2223 έσχες
438 2127 566 2227 ἄνδρ’,
591 2129 645 2202 ἵν’
671 2131 711 2202 ἐν
727 2127 838 2227 μέρει
863 2127 965 2226 λέχος
1152 2111 1154 2115 ’

103 2250 406 2332 diocaesaream
429 2251 480 2334 εἷς
503 2251 599 2351 ἀνὴρ
624 2249 875 2350 κοινούμενος,

104 2463 379 2474 -ιυε--τ--ι-

184 2589 257 2652 213.
301 2581 391 2648 Τοοι.
416 2589 512 2650 Guelf.
535 2589 605 2649 Ald.
629 2591 733 2671 ιολλχ
717 2595 797 2673 χρῆν.
846 2591 931 2652 Lare
964 2603 994 2652 et
1020 2592 1126 2653 caeteri
1140 2591 1213 2653 mm

102 2668 163 2753 χρὴ.
206 2671 318 2732 Deiirde
338 2673 407 2732 Par.
432 2674 468 2733 Β.
487 2674 567 2733 Flor.
586 2674 625 2733 A.
645 2674 696 2737 10.
716 2677 767 2737 lt.
792 2676 871 2760 δοθῇ
892 2670 984 2738 πόσει.
1026 2675 1096 2736 Par.
1114 2674 1153 2734 A.
1172 2673 1210 2734 Ε.

103 2757 197 2815 Havn.
222 2756 302 2815 Flor.
320 2757 352 2819 2.
375 2758 464 2816 Taur.
490 2758 586 2818 Guelf.
610 2757 695 2817 Lesc.
719 2757 788 2819 Ald.
808 2737 871 2819 reli.
890 2755 974 2822 πόσει
997 2757 1086 2846 δοθῆ.
1127 2759 1213 2818 Prius

103 2839 172 2897 ittud
193 2839 334 2898 Matthiae
356 2840 460 2920 aliique
482 2851 677 2941 susceperunt.

183 2939 257 3000 215.
302 2935 383 2995 Libri
404 2931 481 2996 ελ“’0
501 2931 576 3015 spot
596 2929 715 3022 Θρῄκην
729 2934 803 3016 χιόνι
818 2933 871 3018 τὴν
886 2877 1075 3018 κοιτάρρλυτον.
1107 2939 1214 2998 Exem-

102 3021 149 3099 pla
179 3021 220 3078 sie
249 3021 334 3099 positi
360 3021 472 3078 articuli
501 3021 581 3078 varia
602 3031 631 3078 et
652 3039 706 3097 ego
728 3019 764 3079 ad
787 3021 875 3100 Soph.
897 3021 948 3080 Ai.
967 3023 1061 3086 1007.
1079 3033 1118 3093 et,
1143 3041 1214 3100 quos

102 3103 249 3181 Pssugkius
280 3104 448 3175 nominavit,
480 3101 631 3162 Dohraeus
661 3102 696 3162 ad
722 3102 871 3183 Aristopm
902 3105 959 3184 Eq
979 3105 1051 3169 071.
1074 3117 1104 3164 et
1122 3104 1214 3164 Hein-

103 3184 226 3245 dorfiuss
238 3186 274 3246 ed
288 3185 379 3247 rPlat.
411 3186 559 3247 Phaedon.
586 3185 637 3250 84.
663 3189 828 3246 attuierunt.
881 3187 1053 3268 Plerumque
1075 3190 1121 3248 hic
1143 3187 1213 3246 ordo

102 3270 252 3329 verborum
283 3289 410 3329 caussam
440 3271 526 3328 habet
547 3271 735 3343 rhetoricam,
765 3292 839 3330 nunc
860 3272 1053 3352 praeponendi
1074 3274 1214 3351 gravioris

103 3353 182 3412 verbi
204 3355 417 3424 necessitatem,
449 3373 523 3411 nunc
546 3372 707 3424 numerum,
738 3375 812 3413 nunc
833 3357 989 3414 suaviorem
1015 3375 1130 3427 sonum,
1162 3356 1214 3414 ali-

104 3435 215 3516 quando
244 3437 328 3494 etiam
355 3447 485 3494 metrum.
523 3437 587 3495 'Hic
615 3435 743 3516 quidem,
775 3440 799 3496 si
825 3441 943 3518 vscripsit
965 3437 1118 3535 Euripides
1140 3435 1214 3516 quod

105 3521 132 3577 in
155 3521 244 3579 libris
256 3531 314 3590 est,
339 3520 387 3577 vix
407 3519 483 3597 effug
465 3539 532 3578 <rere
544 3522 802 3618 'reprehensionem
832 3533 955 3600 potest.
988 3521 1037 3580 Sic
1059 3523 1133 3580 enim
1156 3522 1215 3580 coi

105 3604 197 3662 iocata
218 3615 284 3662 sunt
305 3603 401 3674 verba,
425 3615 456 3660 ut
477 3604 500 3661 si
523 3606 600 3662 nives
620 3604 729 3708 aliquid
752 3604 868 3666 adrem
891 3607 1007 3677 faciant,
1031 3605 1214 3702 σοιιιόυιιιριισ

94 3687 159 3744 ·vim
181 3688 267 3746 habet
288 3688 440 3757 articuluS,
472 3688 578 3745 nomini
603 3683 722 3792 Θρρκιρν
742 3691 924 3790 postpositus
970 3689 1107 3763 Quem
1084 3711 1109 3748 si
1129 3690 1216 3748 veliet

6 3793 7 3810 .
47 3768 49 3772 “
106 3780 292 3848 postponere,
316 3789 375 3828 cur
387 3791 442 3828 non
465 3771 579 3849 scripsit
600 3747 678 3832 εο0’
704 3767 780 3870 ἀμφὶ
804 3769 922 3857 Θρῄκην
942 3769 995 3852 τὴν
1016 3768 1091 3852 χιόνι
1112 3767 1216 3852 κατάρ-

107 3849 210 3927 rimor?
253 3854 285 3912 Si
307 3855 361 3912 hoc
384 3874 438 3911 ιιοιι
462 3855 590 3952 scripsit,
616 3855 703 3914 multo
725 3856 816 3922 minus
838 3857 885 3928 id,
910 3855 1014 3936 quoti
1007 3877 1035 3912 m
1057 3857 1137 3914 libris
1158 3867 1213 3914 est.

107 3931 214 3992 Videor
243 3938 311 3996 mihi
339 3957 435 3996 veram
468 3957 515 3996 scr
557 3957 636 3996 uram
662 3939 822 4016 reposuisse
891 3961 971 4024 puero
991 3933 1067 4016 χιόνι
1081 3944 1143 4020 γῆν
1165 3959 1215 3998 κοι-

106 4009 254 4095 τόρρυτον.
304 4021 413 4118 Aperta
442 3939 586 4171 θεῖα
602 4023 694 4099 origo.
740 4021 833 4095 Quum
856 4046 909 4102 την
930 4042 981 4101 pro
1002 4025 1059 4102 γῆν
1080 4022 1213 4098 seriptum

107 4110 197 4170 esset,
222 4105 382 4161 necessario
407 4105 488 4188 Θρρκ
606 4101 725 4190 Θρριοην
746 4117 809 4165 erat
828 4105 1002 4198 mutarplum.
1208 4134 1210 4147 =

188 4199 260 4260 217.
304 4200 373 4260 Par.
396 4202 432 4260 B.
456 4202 493 4261 E
518 4205 598 4263 Fior.
617 4203 656 4262 A
676 4205 796 4267 10.15.
820 4205 1004 4264 Victhasc.
1028 4199 1214 4284 κοιμώμενος.

107 4281 173 4340 Par.
206 4284 245 4339 Α.
277 4285 371 4343 Havn
403 4286 491 4344 Taur.
525 4289 620 4347 Gueli.
649 4287 718 4347 Ald
743 4291 806 4347 rell.
834 4285 1031 4368 κοινυυμινος.
1074 4287 1215 4346 Luzacius

13 4437 16 4448 .
107 4386 189 4444 quum
213 4367 241 4422 in
264 4365 356 4425 Lectt
381 4367 443 4427 Att.
469 4389 496 4447 p
510 4371 566 4432 35.
591 4384 649 4430 not.
674 4374 726 4435 32.
753 4373 857 4431 rectius
879 4373 935 4451 legi
951 4369 1151 4468 κοινουμένους
1173 4371 1215 4428 di-

108 4460 203 4522 ceret‚
235 4470 291 4508 non
321 4450 431 4511 videtur
462 4464 625 4532 reputasse,
658 4458 741 4514 etiam
768 4455 842 4533 quod
864 4457 1021 4534 elegantius
1043 4467 1086 4514 est
1108 4465 1214 4562 rectum

108 4553 185 4605 csso,
211 4536 234 4592 si
257 4535 396 4599 sentent-ia
419 4535 516 4594 eadem
539 4537 648 4596 evadat.
