2982 4948
814 324 864 403 78

685 511 720 628 E.
725 514 815 588 PM
819 517 842 586 I
852 514 884 588 0
895 509 988 586 NH.

289 636 390 714 αῖδοῖ
411 661 470 741 γε·
506 635 570 712 καῖ
596 636 642 733 μ’
669 638 807 738 έρημον
831 641 969 734 οῖχεται
992 630 1121 711 λιπαῖν.

600 910 602 916 ,
694 823 997 897 οΡαΣΤΗΣ.

218 961 281 1026 895
290 951 453 1040 συνῆκα·
490 945 640 1044 ταρβεῖς
664 950 741 1030 τοῖς
766 943 1007 1046 δεδραμένοις
1030 937 1151 1019 πόσιν.

686 1129 763 1204 ΕΡ
770 1136 821 1204 Μ
826 1135 849 1204 Ι
859 1130 940 1206 ΟΝ
942 1133 992 1206 Η.

289 1254 421 1354 ἔγνως·
448 1250 524 1326 ὀλεῖ
544 1246 617 1354 γάρ
641 1252 686 1349 μ’
712 1253 878 1337 ἐνδίκως.
918 1251 957 1328 τέ
980 1251 1040 1328 δεῖ
1061 1246 1178 1356 λέγειν
1183 1279 1197 1340 ,·

289 1376 372 1451 ἀλλ’
399 1375 558 1476 όντομαί
583 1400 641 1466 σε,
667 1376 741 1454 Δία
763 1377 917 1454 καλοῦσ’
944 1376 1137 1480 ὁμόγνιον,

289 1502 439 1602 πέμψον
462 1529 509 1600 με
530 1497 659 1602 χώρας
681 1492 785 1599 τῆςδ
812 1504 897 1580 ὅποι
918 1497 1160 1603 προσωτάτω,
1215 1485 1217 1493 ’

287 1625 311 1724 ἢ
335 1625 426 1727 πρὸς
451 1635 624 1728 πατρῷον
647 1631 859 1730 μέλαθρον·
892 1627 943 1712 αῖς
968 1624 1124 1705 δοκοῦσι’
1148 1656 1196 1724 με

218 1750 402 1850 οοοδόμοι
425 1751 461 1827 τ’
488 1748 656 1829 ἐλαύνειν
684 1755 830 1858 φθέγμ’
857 1755 999 1850 ἔχοντες
1024 1751 1100 1829 οἵδε
1124 1780 1179 1856 γε,
1205 1741 1210 1750 ’

288 1883 390 1977 μισεῖ
412 1906 451 1953 τε
473 1883 564 1981 γαῖα
591 1873 737 1962 semis·
765 1883 797 1954 ελ
821 1877 861 1954 δ’
888 1878 966 1973 ἥξει
986 1873 1105 1978 πόρος

290 2001 439 2102 Φοίβου
464 1999 582 2080 λιπών
605 2009 783 2103 μαντεῖον
808 2007 857 2088 εῖς
883 1998 1025 2102 δόμους
1048 1997 1166 2090 πόσις,

290 2133 411 2203 κτενεῖ
430 2127 475 2225 μ’
503 2127 562 2202 ἐπ’
589 2126 850 2226 αλσχίστοισιν,
875 2125 899 2224 ἢ
924 2123 1172 2224 δουλεύσομεν

290 2249 439 2328 νόθοισι
459 2251 640 2351 λέκτροις,
668 2249 723 2330 ὧν
748 2249 947 2343 ε’δέσποζον
971 2251 1044 2353 πρὸ
1063 2259 1144 2329 τοῦ.

219 2384 368 2468 ροῡπυῖς
392 2374 460 2452 οὖν
486 2373 536 2452 δν
560 2379 653 2451 εἴποι
677 2403 733 2462 τις
756 2374 848 2453 τόδ’
874 2373 1138 2478 ἐξημάρτανεςς
1242 2412 1246 2420 ·

290 2509 419 2578 κακῶν
442 2508 636 2603 γυναικοῖν
659 2499 792 2586 εἴςοδυί
814 2499 861 2600 μ’
888 2496 1096 2594 ἀπώλεσαν,

291 2631 334 2704 αῖ
354 2655 420 2725 μοι
445 2625 615 2728 λέγουσαι
640 2623 767 2710 τοόςδ’
793 2620 1015 2721 έχαόνωσαν
1038 2621 1189 2726 λόγους·

291 2751 339 2828 οδ
360 2749 430 2846 τὴν
453 2747 634 2845 κακίστην
660 2744 898 2848 αλχμόλατον
923 2751 965 2825 ἐν
990 2743 1120 2848 δόμοις

373 3069 447 3131 899.
489 3063 559 3127 ΑΜ.
583 3061 624 3140 οῖς
652 3065 773 3128 δοκοῦσί
800 3087 849 3146 μοι
871 3060 956 3144 δόμοι
996 3060 1005 3086 ’
1036 3059 1166 3127 ἕλαόνιιν
1186 3059 1296 3146 φθέγμ’
1320 3062 1398 3146 ἕχον-

290 3173 336 3224 ιες
365 3149 427 3212 οῖδέ
455 3173 498 3230 με.
550 3149 599 3209 Sic
629 3151 713 3209 etiam
741 3149 811 3210 Par.
834 3148 873 3208 Α.
896 3149 934 3208 Ε.
984 3150 1039 3210 lor.
1062 3150 1093 3212 2.
1115 3149 1196 3210 Vict.
1224 3147 1310 3207 [που.
1340 3151 1398 3208 nisi

292 3232 367 3313 quod
395 3255 428 3315 ys
456 3253 507 3313 pro
530 3256 579 3313 μοι
602 3233 717 3292 habent.
761 3229 832 3292 Par.
855 3231 892 3292 Β.
915 3231 996 3292 Flor.
1019 3230 1060 3290 Α.
1085 3231 1136 3294 10.
1161 3233 1211 3296 15.
1235 3231 1330 3291 ssavi.
1355 3227 1399 3305 οῖς

291 3317 412 3379 δοκοῦσί
431 3339 464 3399 ys
484 3311 571 3396 δόμοι
590 3311 622 3395 μ’
647 3310 777 3380 ἐλαόνειν
797 3311 910 3398 φθέγμ’
935 3315 1045 3396 λέγοντες
1067 3313 1129 3376 οῖδε
1157 3335 1200 3394 με.
1250 3315 1284 3373 ln
1304 3313 1394 3374 Taur.

292 3401 388 3460 Gueii.
413 3419 464 3480 pro
486 3394 526 3472 οῖς
547 3398 668 3464 δοκοῦσί
686 3423 719 3482 ys
739 3410 783 3460 est
803 3399 955 3469 ἐνδοκοῦσῖ
974 3422 1016 3481 ys,
1038 3400 1157 3458 fortasse
1173 3417 1212 3457 ex
1231 3398 1400 3460 ελιδοκοιῖσέ

290 3506 324 3567 ys
352 3494 458 3543 netum.
508 3482 558 3542 Sic
588 3495 665 3544 certe
687 3481 781 3562 alique
803 3481 886 3542 modo
914 3506 946 3564 ys
967 3481 1037 3541 illud
1057 3494 1121 3562 post
1143 3477 1398 3543 cameracorensi

291 3579 398 3646 posset.
451 3565 536 3640 Quod
555 3567 696 3627 Matthiae
718 3567 858 3640 coniecit,
889 3561 930 3639 οῖς
950 3566 1071 3630 δοκοῦσί
1098 3589 1130 3650 ys
1159 3559 1244 3644 δόμοι
1262 3558 1290 3624 τ’
1314 3559 1398 3625 ἒλαό-

291 3671 353 3710 νεον
373 3645 487 3731 φθέγμ’
512 3649 622 3728 ἔχοντες
641 3648 703 3711 οῖδε
723 3671 775 3729 με,
797 3660 940 3729 receptum
962 3649 998 3709 ab
1020 3650 1095 3709 aliis.
1143 3648 1295 3709 chebant
1315 3646 1397 3707 sedes

292 3751 358 3791 sues
378 3743 539 3813 permutare
560 3754 592 3815 ys
612 3741 642 3791 ct
662 3754 704 3812 με.

375 3837 448 3902 905.
492 3837 550 3898 Hic
570 3857 668 3898 versus
689 3840 718 3898 in
740 3839 819 3899 libris
836 3840 933 3900 Oresti
955 3839 1088 3900 tribuitur
1109 3839 1150 3897 sic
1172 3839 1312 3917 scriptus:
1334 3840 1398 3910 πῶς

291 3911 345 3985 οὖν
370 3916 438 3985 τόδ’
471 3916 511 3995 οῖς
537 3921 614 3983 εῖποι
638 3945 681 3994 τις
709 3918 913 4004 ἕξημόριανεςς
942 3924 1046 3983 Recte
1068 3921 1236 4000 Lentingius
1258 3920 1398 3980 intellexit

291 4006 467 4065 Hermionae
489 4005 560 4065 hacc
582 4005 668 4065 verba
689 4023 769 4066 esser
800 4006 966 4087 videturque
990 4007 1031 4066 sic
1053 4007 1137 4064 etiam
1160 4005 1325 4065 scholiastes
1346 4004 1398 4063 he-

291 4089 398 4160 buissc‚
422 4089 469 4167 qui
486 4089 601 4148 scribit:
625 4083 686 4150 ἀλλ’
712 4089 739 4151 ελ
758 4085 906 4169 ἕρωτήσειέ
925 4101 977 4163 τις,
999 4093 1062 4161 πῶς
1086 4093 1176 4151 ταῦτα
1196 4082 1398 4168 ἐξημέρτανεςς

291 4171 474 4253 Comparevit
495 4171 662 4250 Lentingius
692 4173 811 4232 similem
842 4173 934 4232 locum
956 4174 985 4230 in
1007 4170 1108 4252 Suppl.
1134 4171 1205 4237 184.
1250 4171 1399 4249 Scriptura

291 4275 371 4327 vcro,
396 4274 467 4335 quae
489 4256 517 4314 in
540 4255 619 4314 libris
639 4266 694 4328 est,
718 4254 831 4314 deiendi
853 4256 930 4313 nulio
951 4254 1034 4314 modo
1055 4266 1159 4336 potest.
1203 4253 1323 4312 Corrcxi
1345 4255 1396 4326 ite,

292 4348 324 4396 ut
337 4336 501 4416 Euripidem
523 4339 670 4417 scripsisse
686 4339 747 4399 veri
761 4338 932 4396 simillimum
950 4350 1006 4399 cst.
1049 4338 1082 4399 ln
1104 4335 1398 4398 camdem-coniectu-

293 4437 353 4480 rem
375 4419 507 4480 incidisse
530 4422 558 4480 in
581 4440 701 4481 censure
721 4420 882 4499 Piiugkium
904 4421 998 4482 rideo.

376 4517 449 4580 906.
495 4518 579 4576 Hunc
600 4537 711 4577 versum
734 4520 816 4579 affert
836 4519 975 4582 Stohaeus
997 4521 1136 4582 Lxxlv.
1159 4523 1211 4587 25.
