3006 4952
824 298 874 371 26

298 470 460 562 ἔκτεινας
484 477 532 554 tta
554 476 676 568 τάςός
700 478 761 552 εἶτ’
788 479 994 573 ἀπληστίαν
1016 479 1142 576 λόχους

296 601 432 688 πάσαις
455 601 602 706 γυναιξὶ
626 604 848 703 apostatanti?
871 603 920 680 όν
945 604 1110 704 εὑρέθης.

227 743 289 807 220
297 726 453 828 αἰσχρόν
478 731 536 831 ya'
556 727 678 803 καίτοι
700 727 839 827 χείρον’
860 729 1028 829 ἀρσένων
1052 729 1166 806 νόσον

294 851 436 950 ταύτην
459 863 663 953 νοσοῦμεν,
689 853 782 930 ἄλλά
806 860 1034 953 προσταῖμεν
1058 863 1190 938 καλῶς.

295 976 326 1053 ol
353 978 504 1078 φίλταθ’
523 980 672 1080 Ἕκτορ,
698 981 774 1054 ἀλλ’
800 979 873 1081 ἐγώ
900 979 969 1074 τὴν
985 979 1063 1075 σὴν
1084 977 1199 1078 χάριν

295 1104 353 1179 σοὶ
379 1105 443 1179 καὶ
468 1101 656 1201 ξονήρων,
683 1109 717 1179 a'o‘
739 1103 775 1178 τί
801 1128 839 1179 σε
867 1101 1023 1204 σφάλλοι
1048 1102 1202 1203 Κύπρις,
1270 1119 1273 1129 '

293 1228 357 1304 καὶ
380 1229 527 1328 μαστὸν
551 1229 622 1324 ἤδη
642 1225 823 1312 πολλάκιςΙ
841 1227 989 1305 νόθοισι
1015 1236 1093 1314 σοῖς

221 1355 462 1451 λλδέπόσχον,
488 1359 551 1431 ἵνα
579 1378 636 1429 σοι
657 1352 777 1450 μηδὲν
802 1354 948 1450 tortoles
972 1352 1116 1454 πικρόν.

291 1480 356 1555 καὶ
379 1489 498 1556 ταῦτα
526 1479 656 1592 όρνλσοι
680 1487 727 1576 τῇ
752 1481 865 1578 ἀρετῇ
888 1477 1124 1584 προςηγόμην

290 1602 417 1680 πόσιν·
446 1604 493 1680 σὺ
519 1604 558 1681 d’
585 1603 671 1680 oc'dl·
697 1605 822 1702 <totth
849 1606 1056 1707 όπαιθρίας
1078 1602 1216 1705 δρόσον

370 1889 444 1952 220.
490 1889 651 1949 Brunckius
671 1895 766 1970 χεῖρον
786 1910 822 1948 ex
843 1891 911 1950 Par.
930 1890 969 1949 A.
1007 1890 1052 1949 Ac
1069 1891 1201 1949 Lascaris
1221 1891 1317 1966 χείρον
1338 1891 1399 1948 sine

289 1974 470 2053 apostropho.
519 1973 658 2033 Matthiae
688 1973 887 2034 Brunchianae
917 1976 1074 2054 scripturae
1096 1985 1174 2034 certe
1196 1974 1250 2031 hoc
1272 1991 1328 2034 noo
1350 1972 1399 2032 dc-

288 2057 373 2116 bebat
398 2077 556 2137 opponere,
589 2054 663 2135 quod
685 2052 773 2119 νόσον
793 2064 889 2120 νοσεῖν
918 2079 972 2117 uon
999 2057 1095 2117 addito
1125 2056 1264 2118 adiectivo
1287 2055 1398 2119 Graece

287 2161 344 2199 non
373 2139 525 2200 diceretur.
578 2139 696 2200 Viditne
722 2141 845 2200 additum
877 2161 940 2202 esse
961 2137 1089 2220 cadmo?
1130 2139 1243 2202 Deinde
1265 2138 1333 2198 Par.
1359 2139 1395 2198 B.

287 2224 367 2282 Flor.
397 2222 436 2282 Α.
462 2220 540 2287 deff
589 2223 658 2283 Par.
689 2224 727 2283 Ε.
757 2225 838 2285 Flor.
859 2227 909 2290 10.
932 2229 984 2290 15.
1008 2225 1093 2285 Lasc.
1118 2237 1148 2283 et
1174 2226 1276 2284 lemma
1297 2224 1397 2282 scholii

286 2302 461 2389 ἀνθρώπων.
498 2308 567 2367 Par.
590 2305 629 2364 A.
656 2305 724 2365 Ald.
749 2310 813 2367 rell.
840 2305 975 2389 ἀρσένων.

276 2461 280 2472 .
368 2409 441 2470 221.
485 2407 566 2467 Libri
586 2402 776 2488 προόστημεν.
826 2407 860 2465 ld
881 2407 1021 2467 Matthiae
1044 2410 1246 2485 interpretatur
1266 2409 1397 2466 modera-

287 2492 341 2550 bor
369 2493 506 2551 morbum.
556 2490 598 2549 At
629 2511 712 2573 quum
734 2490 934 2569 praecedentia
955 2489 989 2550 de
1012 2490 1140 2547 omnihus
1161 2488 1237 2547 elicta
1259 2491 1315 2548 sint
1335 2512 1397 2549 mu-

286 2575 418 2647 lierlhuS,
459 2593 540 2633 nemo
571 2576 619 2652 qui
646 2571 715 2631 illud
743 2569 925 2653 προόστημεν
954 2577 1048 2644 καλῶς
1083 2570 1209 2643 audiret,
1241 2572 1278 2630 de
1307 2593 1337 2632 sc
1367 2573 1396 2631 id
1494 2621 1495 2634 .

285 2657 514 2718 Andromacham
537 2657 632 2716 dicere
654 2655 795 2714 crederet.
838 2656 903 2714 Nec
926 2657 950 2714 si
969 2655 1004 2714 dc
1024 2673 1053 2714 sc
1070 2654 1198 2726 dixisset,
1223 2655 1396 2735 inferrepo-

285 2743 340 2802 tuit
360 2738 421 2802 ἀλλ’
446 2736 509 2821 ἐγώ.
551 2739 735 2816 lentingius,
767 2740 814 2818 qui
836 2737 948 2818 quidem
971 2748 1048 2798 recte
1070 2738 1157 2797 verba
1179 2740 1233 2811 ista
1255 2737 1291 2796 ad
1313 2759 1394 2799 omne

285 2829 374 2906 genus
409 2824 546 2883 muliebre
581 2824 705 2894 rettulit,
746 2834 840 2882 tamen
869 2820 950 2882 valde
981 2843 998 2881 a
1023 2841 1091 2881 voro
1122 2821 1279 2894 aberravit,
1311 2843 1394 2902 quum

284 2912 390 2968 aoristo
414 2909 569 2986 significari
586 2909 695 2986 putavit
709 2910 829 2966 solennes
846 2910 949 2967 decore
965 2909 1019 2967 Ιιοο
1035 2905 1133 2967 νιονόο
1150 2906 1280 2984 defungi.
1312 2905 1395 2965 Hanc

283 2995 358 3052 enim
390 2994 532 3052 notionem
555 3003 611 3052 non
633 2991 717 3050 aliter
738 2991 842 3053 habere
864 3001 958 3069 potest
978 2991 1116 3060 aoristus,
1148 3009 1231 3067 quarn
1254 3011 1337 3068 quum
1360 3010 1394 3051 ex

283 3077 401 3152 reliquis
430 3077 523 3134 verbis
551 3085 683 3154 apparet,
717 3093 801 3134 unum
833 3075 938 3132 factum
965 3085 997 3134 ut
1025 3074 1183 3151 exemplum
1204 3093 1301 3133 eorum
1323 3093 1394 3152 quae

283 3159 395 3236 saepius
417 3159 487 3218 fiant
508 3159 732 3228 commemorari,
757 3168 789 3216 ut
809 3158 834 3216 si
855 3156 976 3228 dicatur,
1002 3157 1030 3216 εἷ’
1049 3179 1092 3228 τις
1111 3151 1322 3235 ἡμῶν.ναότην
1342 3151 1394 3234 τὴν

281 3237 370 3302 νόσον
386 3241 501 3319 νοσοίη,
517 3235 699 3320 προόστημεν
714 3245 818 3312 καλῶς.
847 3241 957 3304 Vitium
974 3241 1111 3300 orationis
1125 3240 1274 3311 sentiebat,
1294 3239 1390 3312 credo,

280 3325 490 3385 Valckenarius
512 3324 586 3404 apud
602 3325 801 3402 Lentingium,
825 3326 873 3403 qui
895 3345 980 3383 unum
996 3343 1108 3386 versum
1125 3326 1279 3403 posthunc
1296 3323 1392 3394 deesse

279 3409 412 3488 putebat:
437 3429 603 3490 quamquam
625 3407 701 3486 quod
722 3407 751 3465 id
772 3427 809 3468 ex
830 3409 946 3468 scholiis
968 3427 1105 3486 apparere
1127 3407 1208 3479 dixit,
1233 3428 1288 3468 non
1309 3405 1391 3466 video

280 3491 431 3570 quidquam
454 3494 482 3552 in
504 3493 620 3553 scholiis
643 3493 797 3570 scriptum,
822 3488 895 3572 unde
918 3490 947 3549 id
968 3493 1072 3550 coniici
1094 3493 1192 3568 possit.
1237 3490 1326 3546 Immo
1348 3490 1391 3546 ui·
1493 3539 1494 3542 ,

279 3574 319 3631 hil
340 3575 416 3634 aliud
439 3575 574 3634 librorum
597 3575 737 3652 scriptura
758 3585 812 3645 est,
837 3594 920 3653 quam
938 3577 1055 3634 mutatio
1075 3574 1110 3630 ob
1128 3574 1200 3630 male
1217 3572 1388 3632 intellectam
1488 3569 1495 3596 ⁷

279 3657 402 3716 litteram
425 3659 510 3716 lacta
563 3656 656 3730 Quum
678 3657 753 3725 enirn
775 3659 910 3738 scriptum
933 3670 1027 3729 esset,
1059 3654 1133 3734 quod
1154 3655 1290 3726 debebat,
1321 3678 1389 3736 rapo·
1436 3690 1437 3694 =
1489 3656 1493 3665 ’

278 3745 395 3818 meipso
415 3744 524 3814 καλῶς,
544 3760 632 3818 supra
653 3741 744 3818 posito
765 3764 800 3820 η,
823 3761 857 3806 eo
880 3743 982 3820 aliquis
1004 3760 1058 3798 nou
1081 3736 1177 3796 videns
1198 3739 1390 3819 arpoowlppev

278 3824 444 3902 significari,
470 3823 584 3901 scripsit
599 3819 770 3904 πρόσνημεν,
792 3824 868 3904 quod
884 3827 956 3884 alius
972 3821 1067 3882 addito
1084 3833 1234 3898 augmento
1250 3825 1385 3882 correxit.

279 3907 441 3986 Optativum
463 3917 556 3966 autem
573 3909 714 3968 sententia
729 3910 859 3987 requirit.
904 3907 935 3966 N
988 3915 1081 3985 potest
1096 3905 1170 3962 enim
1186 3903 1387 3966 Andromacha

278 3993 324 4050 hic
355 3990 450 4052 dicare
472 3990 540 4072 quid
561 3991 672 4050 soleant
692 3992 787 4052 lacere
810 3929 1043 4148 maliciam
1066 3988 1139 4046 euim
1163 4007 1260 4048 omncs
1282 4001 1387 4072 tempe·
1476 4044 1480 4053 .

277 4087 373 4135 rantes
399 4071 483 4146 ¹sunt,
513 4087 542 4136 et
571 4085 707 4147 nonest,
732 4078 845 4154 quicum
867 4077 914 4153 loq
1001 4115 1009 4143 ,
1042 4071 1217 4130 Hermiona:
1250 4073 1299 4132 sed
1322 4074 1386 4152 quid

276 4159 427 4236 optandum
450 4160 487 4218 sit
508 4169 540 4216 ut
560 4139 681 4229 laciant,
705 4159 801 4218 dicere
824 4178 885 4218 eam
906 4165 1029 4240 oportet.

356 4259 429 4320 223.
484 4258 541 4332 Qui
563 4258 633 4318 haec
650 4270 749 4318 contra
763 4259 846 4319 iidem
866 4257 1001 4319 historiae
1024 4255 1090 4316 licta
1111 4253 1253 4328 dixerunt,
1277 4257 1385 4314 Anari-

275 4341 361 4397 oratis
383 4342 411 4398 in
428 4342 467 4400 11.
486 4340 687 4418 Argolicorum
710 4342 870 4400 testimonio
892 4340 1052 4402 refutantur
1072 4339 1107 4398 ab
1124 4341 1286 4400 scholiasta.

275 4518 324 4580 ἕδ
347 4438 429 4542 1225.
474 4439 562 4498 Taua.
586 4439 682 4499 Guell'.
701 4440 769 4500 Ald.
789 4440 852 4498 rell.
872 4434 992 4525 ἐνδοόην.
1036 4439 1120 4498 Lase,
1145 4452 1173 4499 et
1196 4440 1300 4499 caeteri
1321 4438 1384 4496 lippi

288 4543 306 4580 ν
325 4542 398 4598 osope.
1044 4573 1047 4580 1
