<?xml version="1.0" encoding="UTF-8"?>
<!DOCTYPE html PUBLIC "-//W3C//DTD XHTML 1.0 Transitional//EN"
    "http://www.w3.org/TR/xhtml1/DTD/xhtml1-transitional.dtd">
<html xmlns="http://www.w3.org/1999/xhtml" xml:lang="en" lang="en">
 <head>
  <title>
</title>
<meta http-equiv="Content-Type" content="text/html;charset=utf-8" />
  <meta name='ocr-system' content='tesseract 3.04.00' />
  <meta name='ocr-capabilities' content='ocr_page ocr_carea ocr_par ocr_line ocrx_word'/>
</head>
<body>
  <div class='ocr_page' id='page_1' title='image "./euripidistragoe08eurigoog_0056.png"; bbox 0 0 3006 4952; ppageno 0'>
   <div class='ocr_carea' id='block_1_1' title="bbox 621 321 665 393">
    <p class='ocr_par' dir='ltr' id='par_1_1' title="bbox 621 321 665 393">
     <span class='ocr_line' id='line_1_1' title="bbox 621 321 665 393; baseline -0.091 0"><span class='ocrx_word' id='word_1_1' title='bbox 621 321 665 393; x_wconf 83' lang='lat'><strong>31</strong></span> 
     </span>
    </p>
   </div>
   <div class='ocr_carea' id='block_1_2' title="bbox 39 497 982 1226">
    <p class='ocr_par' dir='ltr' id='par_1_2' title="bbox 39 497 982 1226">
     <span class='ocr_line' id='line_1_2' title="bbox 92 497 847 595; baseline 0.004 -23"><span class='ocrx_word' id='word_1_2' title='bbox 92 503 132 573; x_wconf 78' lang='grc' dir='ltr'><strong>ἐκ</strong></span> <span class='ocrx_word' id='word_1_3' title='bbox 158 499 259 594; x_wconf 77' lang='grc' dir='ltr'><strong><em>τῆς6’</em></strong></span> <span class='ocrx_word' id='word_1_4' title='bbox 289 500 448 573; x_wconf 74' lang='grc' dir='ltr'><strong><em>ἑκοῦσαν</em></strong></span> <span class='ocrx_word' id='word_1_5' title='bbox 474 501 707 594; x_wconf 77' lang='grc' dir='ltr'><strong><em>ἐξαναστήσω</em></strong></span> <span class='ocrx_word' id='word_1_6' title='bbox 732 497 847 595; x_wconf 84' lang='grc' dir='ltr'><strong><em>τόχα·</em></strong></span> 
     </span>
     <span class='ocr_line' id='line_1_3' title="bbox 90 623 974 727; baseline 0 -28"><span class='ocrx_word' id='word_1_7' title='bbox 90 623 234 700; x_wconf 67' lang='grc' dir='ltr'><strong><em>τοιόνδ’</em></strong></span> <span class='ocrx_word' id='word_1_8' title='bbox 262 627 333 721; x_wconf 73' lang='grc' dir='ltr'><strong>ἔχω</strong></span> <span class='ocrx_word' id='word_1_9' title='bbox 361 650 429 701; x_wconf 82' lang='grc' dir='ltr'><strong>σου</strong></span> <span class='ocrx_word' id='word_1_10' title='bbox 455 623 594 723; x_wconf 75' lang='grc' dir='ltr'><strong><em>δέλεαρ.</em></strong></span> <span class='ocrx_word' id='word_1_11' title='bbox 623 623 716 701; x_wconf 77' lang='grc' dir='ltr'><strong>ἀλλὰ</strong></span> <span class='ocrx_word' id='word_1_12' title='bbox 742 624 816 727; x_wconf 76' lang='grc' dir='ltr'><strong>γὰρ</strong></span> <span class='ocrx_word' id='word_1_13' title='bbox 841 626 974 727; x_wconf 74' lang='grc' dir='ltr'><strong><em>λόγους</em></strong></span> 
     </span>
     <span class='ocr_line' id='line_1_4' title="bbox 39 746 940 851; baseline -0.002 -27"><span class='ocrx_word' id='word_1_14' title='bbox 39 797 41 800; x_wconf 95' lang='grc'>-</span> <span class='ocrx_word' id='word_1_15' title='bbox 89 747 246 848; x_wconf 62' lang='grc' dir='ltr'><strong><em>κρύψω,</em></strong></span> <span class='ocrx_word' id='word_1_16' title='bbox 272 748 314 824; x_wconf 87' lang='grc' dir='ltr'><strong><em>τὸ</em></strong></span> <span class='ocrx_word' id='word_1_17' title='bbox 339 749 378 823; x_wconf 83' lang='lat' dir='ltr'><strong>d&#39;</strong></span> <span class='ocrx_word' id='word_1_18' title='bbox 403 751 510 851; x_wconf 75' lang='grc' dir='ltr'><strong><em>ἔργον</em></strong></span> <span class='ocrx_word' id='word_1_19' title='bbox 533 750 625 826; x_wconf 79' lang='grc' dir='ltr'><strong><em>αὐτὸ</em></strong></span> <span class='ocrx_word' id='word_1_20' title='bbox 653 755 810 850; x_wconf 77' lang='grc' dir='ltr'><em>σημανεῖ</em></span> <span class='ocrx_word' id='word_1_21' title='bbox 831 746 940 844; x_wconf 77' lang='grc' dir='ltr'><strong><em>τάχα.</em></strong></span> 
     </span>
     <span class='ocr_line' id='line_1_5' title="bbox 89 871 937 978; baseline 0.001 -30"><span class='ocrx_word' id='word_1_22' title='bbox 89 871 232 968; x_wconf 75' lang='grc' dir='ltr'><strong><em>κάθησ’</em></strong></span> <span class='ocrx_word' id='word_1_23' title='bbox 258 873 405 972; x_wconf 78' lang='grc' dir='ltr'><strong><em>ἑόραία·</em></strong></span> <span class='ocrx_word' id='word_1_24' title='bbox 431 875 494 950; x_wconf 76' lang='grc' dir='ltr'><strong><em>καὶ</em></strong></span> <span class='ocrx_word' id='word_1_25' title='bbox 519 875 592 978; x_wconf 75' lang='grc' dir='ltr'><strong>γὰρ</strong></span> <span class='ocrx_word' id='word_1_26' title='bbox 619 883 650 951; x_wconf 74' lang='grc' dir='ltr'><strong>εἰ</strong></span> <span class='ocrx_word' id='word_1_27' title='bbox 675 877 779 976; x_wconf 78' lang='grc' dir='ltr'><strong><em>πέριξ</em></strong></span> <span class='ocrx_word' id='word_1_28' title='bbox 803 875 841 949; x_wconf 79' lang='lat' dir='ltr'><strong>o’</strong></span> <span class='ocrx_word' id='word_1_29' title='bbox 866 878 937 970; x_wconf 71' lang='grc' dir='ltr'><strong><em>ἔχει</em></strong></span> 
     </span>
     <span class='ocr_line' id='line_1_6' title="bbox 89 995 895 1102; baseline 0.005 -32"><span class='ocrx_word' id='word_1_30' title='bbox 89 998 221 1092; x_wconf 83' lang='grc' dir='ltr'><strong><em>τηκτὸς</em></strong></span> <span class='ocrx_word' id='word_1_31' title='bbox 244 995 455 1096; x_wconf 72' lang='grc' dir='ltr'><strong><em>μόλυβδος,</em></strong></span> <span class='ocrx_word' id='word_1_32' title='bbox 482 998 717 1096; x_wconf 69' lang='grc' dir='ltr'><strong><em>ἐξαναστήσω</em></strong></span> <span class='ocrx_word' id='word_1_33' title='bbox 744 1002 782 1076; x_wconf 83' lang='lat' dir='ltr'><strong>o’</strong></span> <span class='ocrx_word' id='word_1_34' title='bbox 810 997 895 1102; x_wconf 72' lang='grc' dir='ltr'><strong>ἐγώ,</strong></span> 
     </span>
     <span class='ocr_line' id='line_1_7' title="bbox 88 1120 982 1226; baseline 0.002 -30"><span class='ocrx_word' id='word_1_35' title='bbox 88 1123 196 1221; x_wconf 80' lang='grc' dir='ltr'><strong><em>πρὶν,</em></strong></span> <span class='ocrx_word' id='word_1_36' title='bbox 220 1120 251 1222; x_wconf 80' lang='grc' dir='ltr'><em>ᾧ</em></span> <span class='ocrx_word' id='word_1_37' title='bbox 277 1125 477 1212; x_wconf 83' lang='grc' dir='ltr'><strong><em>πέποιθας,</em></strong></span> <span class='ocrx_word' id='word_1_38' title='bbox 504 1125 611 1201; x_wconf 75' lang='grc' dir='ltr'><strong><em>παῖδ’</em></strong></span> <span class='ocrx_word' id='word_1_39' title='bbox 633 1127 820 1222; x_wconf 75' lang='grc' dir='ltr'><strong><em>Ἀχιλλέως</em></strong></span> <span class='ocrx_word' id='word_1_40' title='bbox 844 1131 982 1226; x_wconf 77' lang='grc' dir='ltr'><strong><em>μολεῖν.</em></strong></span> 
     </span>
    </p>
   </div>
   <div class='ocr_carea' id='block_1_3' title="bbox 434 1354 846 1433">
    <p class='ocr_par' dir='ltr' id='par_1_3' title="bbox 434 1354 846 1433">
     <span class='ocr_line' id='line_1_8' title="bbox 434 1354 846 1433; baseline 0.017 -8"><span class='ocrx_word' id='word_1_41' title='bbox 434 1354 846 1433; x_wconf 85' lang='grc' dir='ltr'><strong>ΑΝΔΡΟΜΑΧΗ.</strong></span> 
     </span>
    </p>
   </div>
   <div class='ocr_carea' id='block_1_4' title="bbox 85 1502 955 2109">
    <p class='ocr_par' dir='ltr' id='par_1_4' title="bbox 87 1502 927 1734">
     <span class='ocr_line' id='line_1_9' title="bbox 88 1502 927 1607; baseline 0.004 -31"><span class='ocrx_word' id='word_1_42' title='bbox 88 1502 259 1585; x_wconf 78' lang='grc' dir='ltr'><strong><em>πέποιθα·</em></strong></span> <span class='ocrx_word' id='word_1_43' title='bbox 287 1503 411 1580; x_wconf 71' lang='grc' dir='ltr'><strong><em>δεινὸν</em></strong></span> <span class='ocrx_word' id='word_1_44' title='bbox 436 1506 475 1581; x_wconf 82' lang='lat' dir='ltr'><strong>d’</strong></span> <span class='ocrx_word' id='word_1_45' title='bbox 503 1509 666 1602; x_wconf 81' lang='grc' dir='ltr'><strong><em>ἑρπετῶν</em></strong></span> <span class='ocrx_word' id='word_1_46' title='bbox 687 1506 757 1600; x_wconf 83' lang='grc' dir='ltr'><strong>μὲν</strong></span> <span class='ocrx_word' id='word_1_47' title='bbox 784 1505 927 1607; x_wconf 73' lang='grc' dir='ltr'><strong><em>ἀγρίων</em></strong></span> 
     </span>
     <span class='ocr_line' id='line_1_10' title="bbox 87 1627 854 1734; baseline 0.005 -34"><span class='ocrx_word' id='word_1_48' title='bbox 87 1629 159 1720; x_wconf 78' lang='grc' dir='ltr'><strong>ἄκη</strong></span> <span class='ocrx_word' id='word_1_49' title='bbox 182 1629 353 1734; x_wconf 76' lang='grc' dir='ltr'><strong><em>βροτοῖσι</em></strong></span> <span class='ocrx_word' id='word_1_50' title='bbox 377 1631 479 1702; x_wconf 76' lang='grc' dir='ltr'><strong><em>θεαῖν</em></strong></span> <span class='ocrx_word' id='word_1_51' title='bbox 504 1627 733 1722; x_wconf 82' lang='grc' dir='ltr'><strong><em>καταστῆσαί</em></strong></span> <span class='ocrx_word' id='word_1_52' title='bbox 757 1657 854 1718; x_wconf 82' lang='grc' dir='ltr'><strong><em>τινα,</em></strong></span> 
     </span>
    </p>

    <p class='ocr_par' dir='ltr' id='par_1_5' title="bbox 85 1749 955 2109">
     <span class='ocr_line' id='line_1_11' title="bbox 87 1749 919 1855; baseline 0.006 -31"><span class='ocrx_word' id='word_1_53' title='bbox 87 1753 112 1824; x_wconf 73' lang='grc' dir='ltr'><strong><em>ἃ</em></strong></span> <span class='ocrx_word' id='word_1_54' title='bbox 139 1751 176 1826; x_wconf 87' lang='lat' dir='ltr'><strong>d&#39;</strong></span> <span class='ocrx_word' id='word_1_55' title='bbox 204 1753 280 1825; x_wconf 79' lang='grc' dir='ltr'><strong><em>ἔστ’</em></strong></span> <span class='ocrx_word' id='word_1_56' title='bbox 308 1749 454 1846; x_wconf 69' lang='grc' dir='ltr'><strong><em>ἐχίδνης</em></strong></span> <span class='ocrx_word' id='word_1_57' title='bbox 478 1752 542 1826; x_wconf 83' lang='grc' dir='ltr'><strong><em>καὶ</em></strong></span> <span class='ocrx_word' id='word_1_58' title='bbox 566 1753 681 1854; x_wconf 82' lang='grc' dir='ltr'><strong><em>πυρὸς</em></strong></span> <span class='ocrx_word' id='word_1_59' title='bbox 705 1755 919 1855; x_wconf 79' lang='grc' dir='ltr'><strong><em>περαιτέρω,</em></strong></span> 
     </span>
     <span class='ocr_line' id='line_1_12' title="bbox 85 1872 884 1979; baseline 0.004 -29"><span class='ocrx_word' id='word_1_60' title='bbox 85 1875 206 1958; x_wconf 73' lang='grc' dir='ltr'><strong><em>οὐδεὶς</em></strong></span> <span class='ocrx_word' id='word_1_61' title='bbox 230 1875 408 1978; x_wconf 78' lang='grc' dir='ltr'><strong><em>γυναικὸς</em></strong></span> <span class='ocrx_word' id='word_1_62' title='bbox 434 1872 607 1976; x_wconf 71' lang='grc' dir='ltr'><strong><em>φάρμακ’</em></strong></span> <span class='ocrx_word' id='word_1_63' title='bbox 634 1877 805 1979; x_wconf 82' lang='grc' dir='ltr'><strong><em>ἐξεόρηκὲ</em></strong></span> <span class='ocrx_word' id='word_1_64' title='bbox 826 1908 884 1954; x_wconf 86' lang='grc' dir='ltr'><strong>πω</strong></span> 
     </span>
     <span class='ocr_line' id='line_1_13' title="bbox 85 1999 955 2109; baseline 0.002 -34"><span class='ocrx_word' id='word_1_65' title='bbox 85 2009 217 2096; x_wconf 79' lang='grc' dir='ltr'><strong><em>κακῆς·</em></strong></span> <span class='ocrx_word' id='word_1_66' title='bbox 241 1999 423 2109; x_wconf 80' lang='grc' dir='ltr'><strong><em>τοσοῦτόν</em></strong></span> <span class='ocrx_word' id='word_1_67' title='bbox 449 2006 560 2101; x_wconf 75' lang='grc' dir='ltr'><strong><em>ἐσμεν</em></strong></span> <span class='ocrx_word' id='word_1_68' title='bbox 586 2002 804 2104; x_wconf 78' lang='grc' dir='ltr'><strong><em>ἀνθρώποις</em></strong></span> <span class='ocrx_word' id='word_1_69' title='bbox 825 2000 955 2079; x_wconf 83' lang='grc' dir='ltr'><strong><em>κακόν.</em></strong></span> 
     </span>
    </p>
   </div>
   <div class='ocr_carea' id='block_1_5' title="bbox 165 2351 1060 2436">
    <p class='ocr_par' dir='ltr' id='par_1_6' title="bbox 165 2351 1060 2436">
     <span class='ocr_line' id='line_1_14' title="bbox 165 2351 1060 2436; baseline -0.002 -20"><span class='ocrx_word' id='word_1_70' title='bbox 165 2355 238 2416; x_wconf 93' lang='grc'><strong>266.</strong></span> <span class='ocrx_word' id='word_1_71' title='bbox 283 2353 377 2412; x_wconf 88' lang='lat' dir='ltr'><strong>IIavn.</strong></span> <span class='ocrx_word' id='word_1_72' title='bbox 402 2351 458 2433; x_wconf 74' lang='grc' dir='ltr'><strong>ἔχη.</strong></span> <span class='ocrx_word' id='word_1_73' title='bbox 501 2353 634 2414; x_wconf 78' lang='lat' dir='ltr'><strong>Dubitari</strong></span> <span class='ocrx_word' id='word_1_74' title='bbox 656 2368 749 2436; x_wconf 82' lang='lat' dir='ltr'><strong>potest</strong></span> <span class='ocrx_word' id='word_1_75' title='bbox 769 2377 805 2415; x_wconf 92' lang='lat' dir='ltr'><strong>an</strong></span> <span class='ocrx_word' id='word_1_76' title='bbox 828 2356 973 2435; x_wconf 77' lang='lat' dir='ltr'><strong>scripserit</strong></span> <span class='ocrx_word' id='word_1_77' title='bbox 993 2353 1060 2434; x_wconf 74' lang='grc' dir='ltr'><strong><em>ἔχοι.</em></strong></span> 
     </span>
    </p>
   </div>
   <div class='ocr_carea' id='block_1_6' title="bbox 82 2447 1189 2678">
    <p class='ocr_par' dir='ltr' id='par_1_7' title="bbox 82 2447 1189 2678">
     <span class='ocr_line' id='line_1_15' title="bbox 164 2447 1189 2532; baseline 0 -18"><span class='ocrx_word' id='word_1_78' title='bbox 164 2453 237 2514; x_wconf 85' lang='grc'><strong>267.</strong></span> <span class='ocrx_word' id='word_1_79' title='bbox 280 2451 348 2510; x_wconf 84' lang='lat' dir='ltr'><strong>Par.</strong></span> <span class='ocrx_word' id='word_1_80' title='bbox 375 2451 412 2511; x_wconf 86' lang='lat' dir='ltr'><strong>E.</strong></span> <span class='ocrx_word' id='word_1_81' title='bbox 444 2453 524 2512; x_wconf 86' lang='lat' dir='ltr'><strong>Flor.</strong></span> <span class='ocrx_word' id='word_1_82' title='bbox 543 2457 574 2516; x_wconf 85' lang='lat'><strong>2.</strong></span> <span class='ocrx_word' id='word_1_83' title='bbox 600 2455 689 2515; x_wconf 87' lang='lat' dir='ltr'><strong>Tanr.</strong></span> <span class='ocrx_word' id='word_1_84' title='bbox 716 2456 812 2515; x_wconf 82' lang='lat' dir='ltr'><strong>Guelf.</strong></span> <span class='ocrx_word' id='word_1_85' title='bbox 837 2455 922 2514; x_wconf 87' lang='lat' dir='ltr'><strong>Lasc.</strong></span> <span class='ocrx_word' id='word_1_86' title='bbox 953 2453 1022 2512; x_wconf 90' lang='lat' dir='ltr'><strong>Ald.</strong></span> <span class='ocrx_word' id='word_1_87' title='bbox 1046 2447 1189 2532; x_wconf 76' lang='grc' dir='ltr'><strong><em>μόλιβδος.</em></strong></span> 
     </span>
     <span class='ocr_line' id='line_1_16' title="bbox 83 2535 1188 2620; baseline 0.002 -26"><span class='ocrx_word' id='word_1_88' title='bbox 83 2536 179 2616; x_wconf 80' lang='lat' dir='ltr'><strong>Etym.</strong></span> <span class='ocrx_word' id='word_1_89' title='bbox 203 2535 246 2594; x_wconf 92' lang='lat' dir='ltr'><strong>M.</strong></span> <span class='ocrx_word' id='word_1_90' title='bbox 275 2556 304 2615; x_wconf 89' lang='lat' dir='ltr'><strong>p.</strong></span> <span class='ocrx_word' id='word_1_91' title='bbox 323 2536 396 2607; x_wconf 82' lang='lat'><strong>590,</strong></span> <span class='ocrx_word' id='word_1_92' title='bbox 414 2538 444 2600; x_wconf 87' lang='grc'><strong>8.</strong></span> <span class='ocrx_word' id='word_1_93' title='bbox 469 2536 553 2599; x_wconf 89' lang='lat' dir='ltr'><strong>docet</strong></span> <span class='ocrx_word' id='word_1_94' title='bbox 574 2535 693 2618; x_wconf 80' lang='grc' dir='ltr'><strong><em>μόλιβος</em></strong></span> <span class='ocrx_word' id='word_1_95' title='bbox 713 2559 765 2620; x_wconf 83' lang='lat' dir='ltr'><strong>per</strong></span> <span class='ocrx_word' id='word_1_96' title='bbox 786 2563 811 2615; x_wconf 89' lang='grc' dir='ltr'><strong>ι,</strong></span> <span class='ocrx_word' id='word_1_97' title='bbox 841 2535 986 2618; x_wconf 77' lang='grc' dir='ltr'><strong><em>μόλυβδος</em></strong></span> <span class='ocrx_word' id='word_1_98' title='bbox 1006 2555 1058 2617; x_wconf 89' lang='lat' dir='ltr'><strong>per</strong></span> <span class='ocrx_word' id='word_1_99' title='bbox 1078 2559 1097 2598; x_wconf 89' lang='lat' dir='ltr'><strong><em>v</em></strong></span> <span class='ocrx_word' id='word_1_100' title='bbox 1119 2536 1188 2596; x_wconf 87' lang='lat' dir='ltr'><strong>dini.</strong></span> 
     </span>
     <span class='ocr_line' id='line_1_17' title="bbox 82 2619 416 2678; baseline 0 0"><span class='ocrx_word' id='word_1_101' title='bbox 82 2621 121 2678; x_wconf 87' lang='lat' dir='ltr'><strong>Et</strong></span> <span class='ocrx_word' id='word_1_102' title='bbox 142 2621 183 2678; x_wconf 89' lang='lat' dir='ltr'><strong>sic</strong></span> <span class='ocrx_word' id='word_1_103' title='bbox 206 2620 311 2678; x_wconf 85' lang='lat' dir='ltr'><strong>caeteri</strong></span> <span class='ocrx_word' id='word_1_104' title='bbox 333 2619 416 2678; x_wconf 84' lang='lat' dir='ltr'><strong>codd.</strong></span> 
     </span>
    </p>
   </div>
   <div class='ocr_carea' id='block_1_7' title="bbox 161 2701 1236 2792">
    <p class='ocr_par' dir='ltr' id='par_1_8' title="bbox 161 2701 1236 2792">
     <span class='ocr_line' id='line_1_18' title="bbox 161 2701 1236 2792; baseline -0.001 -13"><span class='ocrx_word' id='word_1_105' title='bbox 161 2720 234 2780; x_wconf 71' lang='grc'><strong>266.</strong></span> <span class='ocrx_word' id='word_1_106' title='bbox 277 2719 365 2778; x_wconf 87' lang='lat' dir='ltr'><strong>Taur.</strong></span> <span class='ocrx_word' id='word_1_107' title='bbox 390 2719 486 2780; x_wconf 86' lang='lat' dir='ltr'><strong>Guelf.</strong></span> <span class='ocrx_word' id='word_1_108' title='bbox 510 2719 579 2780; x_wconf 88' lang='lat' dir='ltr'><strong>Ald.</strong></span> <span class='ocrx_word' id='word_1_109' title='bbox 599 2722 662 2780; x_wconf 90' lang='lat' dir='ltr'><strong>reII.</strong></span> <span class='ocrx_word' id='word_1_110' title='bbox 681 2717 717 2782; x_wconf 72' lang='lat' dir='ltr'><strong>h&#39;o</strong></span> <span class='ocrx_word' id='word_1_111' title='bbox 739 2719 893 2792; x_wconf 72' lang='grc' dir='ltr'><strong><em>πέποιθας.</em></strong></span> <span class='ocrx_word' id='word_1_112' title='bbox 934 2720 1019 2779; x_wconf 75' lang='lat' dir='ltr'><strong>taso.</strong></span> <span class='ocrx_word' id='word_1_113' title='bbox 1038 2731 1068 2778; x_wconf 85' lang='lat' dir='ltr'><strong>et</strong></span> <span class='ocrx_word' id='word_1_114' title='bbox 1083 2721 1189 2779; x_wconf 86' lang='lat' dir='ltr'><strong>caeteri</strong></span> <span class='ocrx_word' id='word_1_115' title='bbox 1232 2701 1236 2708; x_wconf 37' lang='lat'><strong><em>⁴</em></strong></span> 
     </span>
    </p>
   </div>
   <div class='ocr_carea' id='block_1_8' title="bbox 79 2792 1189 3214">
    <p class='ocr_par' dir='ltr' id='par_1_9' title="bbox 79 2792 1189 3214">
     <span class='ocr_line' id='line_1_19' title="bbox 81 2792 1189 2884; baseline 0.003 -25"><span class='ocrx_word' id='word_1_116' title='bbox 81 2803 146 2860; x_wconf 80' lang='lat' dir='ltr'>libri</span> <span class='ocrx_word' id='word_1_117' title='bbox 167 2792 190 2884; x_wconf 76' lang='grc' dir='ltr'><em>ᾧ</em></span> <span class='ocrx_word' id='word_1_118' title='bbox 211 2800 363 2872; x_wconf 77' lang='grc' dir='ltr'><strong><em>πέποιθας.</em></strong></span> <span class='ocrx_word' id='word_1_119' title='bbox 412 2803 505 2877; x_wconf 82' lang='lat' dir='ltr'><strong>Quum</strong></span> <span class='ocrx_word' id='word_1_120' title='bbox 530 2824 581 2884; x_wconf 92' lang='lat' dir='ltr'><strong>per</strong></span> <span class='ocrx_word' id='word_1_121' title='bbox 608 2805 720 2882; x_wconf 87' lang='lat' dir='ltr'><strong>linguae</strong></span> <span class='ocrx_word' id='word_1_122' title='bbox 743 2807 820 2882; x_wconf 87' lang='lat' dir='ltr'><strong>leges</strong></span> <span class='ocrx_word' id='word_1_123' title='bbox 842 2816 990 2883; x_wconf 89' lang='lat' dir='ltr'><strong>utrumque</strong></span> <span class='ocrx_word' id='word_1_124' title='bbox 1012 2802 1068 2862; x_wconf 91' lang='lat' dir='ltr'><strong>dici</strong></span> <span class='ocrx_word' id='word_1_125' title='bbox 1089 2815 1189 2883; x_wconf 90' lang='lat' dir='ltr'><strong>potue-</strong></span> 
     </span>
     <span class='ocr_line' id='line_1_20' title="bbox 81 2886 1189 2966; baseline 0.003 -23"><span class='ocrx_word' id='word_1_126' title='bbox 81 2888 133 2957; x_wconf 88' lang='lat' dir='ltr'><strong>rit,</strong></span> <span class='ocrx_word' id='word_1_127' title='bbox 164 2886 304 2944; x_wconf 79' lang='lat' dir='ltr'><strong>Matthiae</strong></span> <span class='ocrx_word' id='word_1_128' title='bbox 335 2905 390 2940; x_wconf 93' lang='lat' dir='ltr'><strong>non</strong></span> <span class='ocrx_word' id='word_1_129' title='bbox 417 2886 534 2944; x_wconf 85' lang='lat' dir='ltr'><strong>muitum</strong></span> <span class='ocrx_word' id='word_1_130' title='bbox 556 2887 655 2945; x_wconf 85' lang='lat' dir='ltr'><strong>aberat</strong></span> <span class='ocrx_word' id='word_1_131' title='bbox 675 2890 742 2966; x_wconf 90' lang='lat' dir='ltr'><strong>quin</strong></span> <span class='ocrx_word' id='word_1_132' title='bbox 764 2886 799 2950; x_wconf 82' lang='grc' dir='ltr'><strong>ὃν</strong></span> <span class='ocrx_word' id='word_1_133' title='bbox 820 2887 966 2960; x_wconf 76' lang='grc' dir='ltr'><strong><em>πέποιθας</em></strong></span> <span class='ocrx_word' id='word_1_134' title='bbox 986 2889 1080 2946; x_wconf 88' lang='lat' dir='ltr'><strong>verius</strong></span> <span class='ocrx_word' id='word_1_135' title='bbox 1102 2887 1189 2946; x_wconf 88' lang='lat' dir='ltr'><strong>hahe-</strong></span> 
     </span>
     <span class='ocr_line' id='line_1_21' title="bbox 79 2967 1188 3048; baseline 0.001 -21"><span class='ocrx_word' id='word_1_136' title='bbox 79 2980 134 3041; x_wconf 88' lang='lat' dir='ltr'><strong>ret,</strong></span> <span class='ocrx_word' id='word_1_137' title='bbox 158 2989 195 3027; x_wconf 78' lang='lat' dir='ltr'><strong>ex</strong></span> <span class='ocrx_word' id='word_1_138' title='bbox 216 2987 271 3045; x_wconf 91' lang='lat' dir='ltr'><strong>quo</strong></span> <span class='ocrx_word' id='word_1_139' title='bbox 292 2967 411 3024; x_wconf 88' lang='lat' dir='ltr'><strong>alterum</strong></span> <span class='ocrx_word' id='word_1_140' title='bbox 434 2968 545 3026; x_wconf 78' lang='lat' dir='ltr'><strong>facilius</strong></span> <span class='ocrx_word' id='word_1_141' title='bbox 568 2970 637 3026; x_wconf 92' lang='lat' dir='ltr'><strong>oriri</strong></span> <span class='ocrx_word' id='word_1_142' title='bbox 661 2972 785 3048; x_wconf 83' lang='lat' dir='ltr'><strong>potuerit</strong></span> <span class='ocrx_word' id='word_1_143' title='bbox 808 2990 890 3048; x_wconf 90' lang='lat' dir='ltr'><strong>quam</strong></span> <span class='ocrx_word' id='word_1_144' title='bbox 915 2981 1024 3028; x_wconf 87' lang='lat' dir='ltr'><strong>contra.</strong></span> <span class='ocrx_word' id='word_1_145' title='bbox 1068 2969 1188 3028; x_wconf 84' lang='lat' dir='ltr'><strong>Senten-</strong></span> 
     </span>
     <span class='ocr_line' id='line_1_22' title="bbox 80 3041 1187 3134; baseline 0 -24"><span class='ocrx_word' id='word_1_146' title='bbox 80 3054 135 3111; x_wconf 87' lang='lat' dir='ltr'><strong>tiae</strong></span> <span class='ocrx_word' id='word_1_147' title='bbox 165 3050 375 3110; x_wconf 85' lang='lat' dir='ltr'><strong>convenientius</strong></span> <span class='ocrx_word' id='word_1_148' title='bbox 396 3049 508 3108; x_wconf 90' lang='lat' dir='ltr'><strong>videtur</strong></span> <span class='ocrx_word' id='word_1_149' title='bbox 529 3041 553 3134; x_wconf 79' lang='lat' dir='ltr'><strong>pi</strong></span> <span class='ocrx_word' id='word_1_150' title='bbox 575 3049 730 3124; x_wconf 78' lang='grc' dir='ltr'><strong><em>πέποιθας.</em></strong></span> <span class='ocrx_word' id='word_1_151' title='bbox 781 3051 1007 3110; x_wconf 86' lang='lat' dir='ltr'><strong>Consentaneum</strong></span> <span class='ocrx_word' id='word_1_152' title='bbox 1040 3062 1083 3110; x_wconf 90' lang='lat' dir='ltr'><strong>cst</strong></span> <span class='ocrx_word' id='word_1_153' title='bbox 1113 3053 1187 3110; x_wconf 86' lang='lat' dir='ltr'><strong>enim</strong></span> 
     </span>
     <span class='ocr_line' id='line_1_23' title="bbox 81 3129 1186 3214; baseline 0.001 -22"><span class='ocrx_word' id='word_1_154' title='bbox 81 3133 108 3192; x_wconf 94' lang='lat' dir='ltr'><strong>id</strong></span> <span class='ocrx_word' id='word_1_155' title='bbox 137 3135 226 3213; x_wconf 90' lang='lat' dir='ltr'><strong>ipsum</strong></span> <span class='ocrx_word' id='word_1_156' title='bbox 253 3133 346 3210; x_wconf 92' lang='lat' dir='ltr'><strong>potius</strong></span> <span class='ocrx_word' id='word_1_157' title='bbox 367 3129 462 3192; x_wconf 90' lang='lat' dir='ltr'><strong>dicere</strong></span> <span class='ocrx_word' id='word_1_158' title='bbox 484 3133 687 3206; x_wconf 79' lang='lat' dir='ltr'><strong>Hermionam,</strong></span> <span class='ocrx_word' id='word_1_159' title='bbox 719 3133 794 3214; x_wconf 86' lang='lat' dir='ltr'><strong>quod</strong></span> <span class='ocrx_word' id='word_1_160' title='bbox 816 3133 972 3213; x_wconf 85' lang='lat' dir='ltr'><strong>proximum</strong></span> <span class='ocrx_word' id='word_1_161' title='bbox 995 3145 1053 3206; x_wconf 89' lang='lat' dir='ltr'><strong>cst,</strong></span> <span class='ocrx_word' id='word_1_162' title='bbox 1086 3136 1186 3193; x_wconf 84' lang='lat' dir='ltr'><strong>fretam</strong></span> 
     </span>
    </p>
   </div>
   <div class='ocr_carea' id='block_1_9' title="bbox 78 3214 1193 3296">
    <p class='ocr_par' dir='ltr' id='par_1_10' title="bbox 78 3214 1193 3296">
     <span class='ocr_line' id='line_1_24' title="bbox 78 3214 1193 3296; baseline 0 -20"><span class='ocrx_word' id='word_1_163' title='bbox 78 3217 259 3296; x_wconf 82' lang='lat' dir='ltr'><strong>Neoptolemi</strong></span> <span class='ocrx_word' id='word_1_164' title='bbox 288 3214 428 3295; x_wconf 88' lang='lat' dir='ltr'><strong>praesidio</strong></span> <span class='ocrx_word' id='word_1_165' title='bbox 457 3237 519 3276; x_wconf 88' lang='lat' dir='ltr'><strong>esse</strong></span> <span class='ocrx_word' id='word_1_166' title='bbox 548 3215 794 3289; x_wconf 77' lang='lat' dir='ltr'><strong>Andromacham,</strong></span> <span class='ocrx_word' id='word_1_167' title='bbox 828 3238 910 3296; x_wconf 91' lang='lat' dir='ltr'><strong>qnam</strong></span> <span class='ocrx_word' id='word_1_168' title='bbox 940 3217 1014 3296; x_wconf 89' lang='lat' dir='ltr'><strong>quod</strong></span> <span class='ocrx_word' id='word_1_169' title='bbox 1037 3220 1193 3290; x_wconf 82' lang='lat' dir='ltr'><strong>remotius,¹</strong></span> 
     </span>
    </p>
   </div>
   <div class='ocr_carea' id='block_1_10' title="bbox 77 3299 1187 3445">
    <p class='ocr_par' dir='ltr' id='par_1_11' title="bbox 77 3299 1187 3445">
     <span class='ocr_line' id='line_1_25' title="bbox 79 3299 1187 3379; baseline -0.007 -19"><span class='ocrx_word' id='word_1_170' title='bbox 79 3300 261 3360; x_wconf 88' lang='lat' dir='ltr'><strong>adventurum</strong></span> <span class='ocrx_word' id='word_1_171' title='bbox 284 3319 398 3378; x_wconf 84' lang='lat' dir='ltr'><strong>sperare</strong></span> <span class='ocrx_word' id='word_1_172' title='bbox 421 3319 501 3371; x_wconf 89' lang='lat' dir='ltr'><strong>eum,</strong></span> <span class='ocrx_word' id='word_1_173' title='bbox 526 3321 581 3379; x_wconf 93' lang='lat' dir='ltr'><strong>quo</strong></span> <span class='ocrx_word' id='word_1_174' title='bbox 604 3301 677 3360; x_wconf 81' lang='lat' dir='ltr'><strong>freta</strong></span> <span class='ocrx_word' id='word_1_175' title='bbox 698 3303 744 3360; x_wconf 87' lang='lat' dir='ltr'><strong>sit.</strong></span> <span class='ocrx_word' id='word_1_176' title='bbox 789 3301 867 3360; x_wconf 88' lang='lat' dir='ltr'><strong>Idem</strong></span> <span class='ocrx_word' id='word_1_177' title='bbox 890 3299 966 3360; x_wconf 87' lang='lat' dir='ltr'><strong>cadit</strong></span> <span class='ocrx_word' id='word_1_178' title='bbox 985 3303 1070 3364; x_wconf 86' lang='lat' dir='ltr'><strong>ctiam</strong></span> <span class='ocrx_word' id='word_1_179' title='bbox 1092 3305 1120 3360; x_wconf 91' lang='lat' dir='ltr'><strong>in</strong></span> <span class='ocrx_word' id='word_1_180' title='bbox 1139 3300 1187 3363; x_wconf 86' lang='grc' dir='ltr'><strong>πέ.</strong></span> 
     </span>
     <span class='ocr_line' id='line_1_26' title="bbox 77 3381 422 3445; baseline -0.017 1"><span class='ocrx_word' id='word_1_181' title='bbox 77 3391 172 3445; x_wconf 82' lang='grc' dir='ltr'><strong><em>ποιθα</em></strong></span> <span class='ocrx_word' id='word_1_182' title='bbox 193 3381 422 3440; x_wconf 82' lang='lat' dir='ltr'><strong>Andromachae.</strong></span> 
     </span>
    </p>
   </div>
   <div class='ocr_carea' id='block_1_11' title="bbox 159 3479 1116 3562">
    <p class='ocr_par' dir='ltr' id='par_1_12' title="bbox 159 3479 1116 3562">
     <span class='ocr_line' id='line_1_27' title="bbox 159 3479 1116 3562; baseline 0.003 -24"><span class='ocrx_word' id='word_1_183' title='bbox 159 3483 232 3544; x_wconf 83' lang='grc'><strong>269.</strong></span> <span class='ocrx_word' id='word_1_184' title='bbox 279 3480 342 3539; x_wconf 89' lang='lat' dir='ltr'><strong>Hos</strong></span> <span class='ocrx_word' id='word_1_185' title='bbox 365 3483 487 3562; x_wconf 88' lang='lat' dir='ltr'><strong>quinque</strong></span> <span class='ocrx_word' id='word_1_186' title='bbox 510 3502 607 3541; x_wconf 85' lang='lat' dir='ltr'><strong>versus</strong></span> <span class='ocrx_word' id='word_1_187' title='bbox 629 3481 725 3541; x_wconf 88' lang='lat' dir='ltr'><strong>attulit</strong></span> <span class='ocrx_word' id='word_1_188' title='bbox 746 3479 885 3542; x_wconf 88' lang='lat' dir='ltr'><strong>Stobaens</strong></span> <span class='ocrx_word' id='word_1_189' title='bbox 907 3481 1046 3541; x_wconf 88' lang='lat' dir='ltr'><strong>LXXIII.</strong></span> <span class='ocrx_word' id='word_1_190' title='bbox 1065 3483 1116 3546; x_wconf 81' lang='lat' dir='ltr'><strong>le.</strong></span> 
     </span>
    </p>
   </div>
   <div class='ocr_carea' id='block_1_12' title="bbox 76 3585 1183 4402">
    <p class='ocr_par' dir='ltr' id='par_1_13' title="bbox 76 3585 1183 4402">
     <span class='ocr_line' id='line_1_28' title="bbox 159 3585 1182 3672; baseline 0.001 -21"><span class='ocrx_word' id='word_1_191' title='bbox 159 3590 232 3651; x_wconf 87' lang='lat'><strong>270.</strong></span> <span class='ocrx_word' id='word_1_192' title='bbox 278 3587 345 3647; x_wconf 88' lang='lat' dir='ltr'><strong>Aid.</strong></span> <span class='ocrx_word' id='word_1_193' title='bbox 371 3590 435 3648; x_wconf 87' lang='lat' dir='ltr'><strong>reiI.</strong></span> <span class='ocrx_word' id='word_1_194' title='bbox 460 3585 516 3669; x_wconf 76' lang='grc' dir='ltr'><strong>όκη</strong></span> <span class='ocrx_word' id='word_1_195' title='bbox 536 3592 651 3672; x_wconf 85' lang='grc' dir='ltr'><strong><em>βροτοῖς</em></strong></span> <span class='ocrx_word' id='word_1_196' title='bbox 671 3595 751 3652; x_wconf 80' lang='grc' dir='ltr'><strong><em>θεῶν</em></strong></span> <span class='ocrx_word' id='word_1_197' title='bbox 773 3589 979 3672; x_wconf 76' lang='grc' dir='ltr'><strong><em>ἐγκαταστῆσαί</em></strong></span> <span class='ocrx_word' id='word_1_198' title='bbox 998 3612 1072 3652; x_wconf 81' lang='grc' dir='ltr'><strong><em>τινα.</em></strong></span> <span class='ocrx_word' id='word_1_199' title='bbox 1113 3588 1182 3652; x_wconf 87' lang='lat' dir='ltr'><strong>Par.</strong></span> 
     </span>
     <span class='ocr_line' id='line_1_29' title="bbox 78 3670 1181 3755; baseline 0.005 -27"><span class='ocrx_word' id='word_1_200' title='bbox 78 3672 114 3730; x_wconf 89' lang='lat' dir='ltr'><strong>B.</strong></span> <span class='ocrx_word' id='word_1_201' title='bbox 132 3670 172 3730; x_wconf 91' lang='lat' dir='ltr'><strong>D.</strong></span> <span class='ocrx_word' id='word_1_202' title='bbox 189 3671 227 3730; x_wconf 88' lang='lat' dir='ltr'><strong>E.</strong></span> <span class='ocrx_word' id='word_1_203' title='bbox 250 3673 397 3753; x_wconf 83' lang='grc' dir='ltr'><strong><em>βροτοῖσιν</em></strong></span> <span class='ocrx_word' id='word_1_204' title='bbox 419 3678 500 3734; x_wconf 78' lang='grc' dir='ltr'><strong><em>θεῶν</em></strong></span> <span class='ocrx_word' id='word_1_205' title='bbox 523 3673 738 3755; x_wconf 79' lang='grc' dir='ltr'><strong><em>ἐγκαταστῆσαι.</em></strong></span> <span class='ocrx_word' id='word_1_206' title='bbox 780 3673 848 3733; x_wconf 91' lang='lat' dir='ltr'><strong>Par.</strong></span> <span class='ocrx_word' id='word_1_207' title='bbox 867 3671 906 3731; x_wconf 91' lang='lat' dir='ltr'><strong>A.</strong></span> <span class='ocrx_word' id='word_1_208' title='bbox 925 3672 1005 3731; x_wconf 87' lang='lat' dir='ltr'><strong>Flor.</strong></span> <span class='ocrx_word' id='word_1_209' title='bbox 1024 3671 1063 3732; x_wconf 91' lang='lat' dir='ltr'><strong>A.</strong></span> <span class='ocrx_word' id='word_1_210' title='bbox 1079 3673 1110 3734; x_wconf 91' lang='grc'><strong>2.</strong></span> <span class='ocrx_word' id='word_1_211' title='bbox 1131 3676 1181 3737; x_wconf 86' lang='grc'><strong>10.</strong></span> 
     </span>
     <span class='ocr_line' id='line_1_30' title="bbox 79 3756 1183 3839; baseline 0.004 -24"><span class='ocrx_word' id='word_1_212' title='bbox 79 3757 129 3816; x_wconf 83' lang='grc'><strong>15.</strong></span> <span class='ocrx_word' id='word_1_213' title='bbox 150 3757 230 3816; x_wconf 89' lang='lat' dir='ltr'><strong>Vict.</strong></span> <span class='ocrx_word' id='word_1_214' title='bbox 248 3757 344 3817; x_wconf 85' lang='lat' dir='ltr'><strong>Havn.</strong></span> <span class='ocrx_word' id='word_1_215' title='bbox 367 3759 496 3838; x_wconf 81' lang='grc' dir='ltr'><strong><em>βροτοῖσι</em></strong></span> <span class='ocrx_word' id='word_1_216' title='bbox 511 3761 592 3818; x_wconf 81' lang='grc' dir='ltr'><strong><em>θεῶν</em></strong></span> <span class='ocrx_word' id='word_1_217' title='bbox 610 3757 823 3839; x_wconf 79' lang='grc' dir='ltr'><strong><em>ἐγκαταστῆσαι.</em></strong></span> <span class='ocrx_word' id='word_1_218' title='bbox 866 3756 951 3815; x_wconf 88' lang='lat' dir='ltr'><strong>Lasc.</strong></span> <span class='ocrx_word' id='word_1_219' title='bbox 970 3768 1063 3815; x_wconf 89' lang='lat' dir='ltr'><strong>autem</strong></span> <span class='ocrx_word' id='word_1_220' title='bbox 1080 3760 1183 3819; x_wconf 89' lang='lat' dir='ltr'><strong>omisso</strong></span> 
     </span>
     <span class='ocr_line' id='line_1_31' title="bbox 78 3839 1181 3923; baseline 0.004 -27"><span class='ocrx_word' id='word_1_221' title='bbox 78 3841 157 3896; x_wconf 77' lang='grc' dir='ltr'><strong><em>θεῶν</em></strong></span> <span class='ocrx_word' id='word_1_222' title='bbox 182 3840 268 3898; x_wconf 87' lang='lat' dir='ltr'><strong>hahet</strong></span> <span class='ocrx_word' id='word_1_223' title='bbox 286 3841 432 3920; x_wconf 85' lang='grc' dir='ltr'><strong><em>βροτοῖσιν</em></strong></span> <span class='ocrx_word' id='word_1_224' title='bbox 455 3839 670 3923; x_wconf 78' lang='grc' dir='ltr'><strong><em>ἐγκαταστῆσαι.</em></strong></span> <span class='ocrx_word' id='word_1_225' title='bbox 726 3839 811 3914; x_wconf 81' lang='lat' dir='ltr'><strong>Quod</strong></span> <span class='ocrx_word' id='word_1_226' title='bbox 841 3840 1023 3918; x_wconf 81' lang='lat' dir='ltr'><strong>Musgravius</strong></span> <span class='ocrx_word' id='word_1_227' title='bbox 1048 3843 1181 3914; x_wconf 87' lang='lat' dir='ltr'><strong>coniecit,</strong></span> 
     </span>
     <span class='ocr_line' id='line_1_32' title="bbox 78 3915 1183 4004; baseline 0.002 -24"><span class='ocrx_word' id='word_1_228' title='bbox 78 3915 134 3996; x_wconf 77' lang='grc' dir='ltr'><strong><em>όιιη</em></strong></span> <span class='ocrx_word' id='word_1_229' title='bbox 154 3922 281 4000; x_wconf 85' lang='grc' dir='ltr'><strong><em>βροτοῖσι</em></strong></span> <span class='ocrx_word' id='word_1_230' title='bbox 308 3929 388 3984; x_wconf 79' lang='grc' dir='ltr'><strong><em>θεῶν</em></strong></span> <span class='ocrx_word' id='word_1_231' title='bbox 408 3925 584 4004; x_wconf 79' lang='grc' dir='ltr'><strong><em>καταστῆσαί</em></strong></span> <span class='ocrx_word' id='word_1_232' title='bbox 603 3946 682 3998; x_wconf 86' lang='grc' dir='ltr'><strong><em>τινα,</em></strong></span> <span class='ocrx_word' id='word_1_233' title='bbox 709 3924 794 3982; x_wconf 86' lang='lat' dir='ltr'><strong>hahet</strong></span> <span class='ocrx_word' id='word_1_234' title='bbox 815 3922 969 3994; x_wconf 86' lang='lat' dir='ltr'><strong>Stohaeus,</strong></span> <span class='ocrx_word' id='word_1_235' title='bbox 1002 3936 1183 4002; x_wconf 83' lang='lat' dir='ltr'><strong>receperunt-</strong></span> 
     </span>
     <span class='ocr_line' id='line_1_33' title="bbox 78 4003 1182 4085; baseline 0.006 -25"><span class='ocrx_word' id='word_1_236' title='bbox 78 4021 132 4082; x_wconf 87' lang='lat' dir='ltr'><strong>que</strong></span> <span class='ocrx_word' id='word_1_237' title='bbox 155 4003 331 4078; x_wconf 87' lang='lat' dir='ltr'><strong>Brunckius,</strong></span> <span class='ocrx_word' id='word_1_238' title='bbox 359 4007 516 4080; x_wconf 84' lang='lat' dir='ltr'><strong>Matthiae,</strong></span> <span class='ocrx_word' id='word_1_239' title='bbox 540 4009 604 4080; x_wconf 87' lang='lat' dir='ltr'><strong>aiii,</strong></span> <span class='ocrx_word' id='word_1_240' title='bbox 628 4005 677 4066; x_wconf 96' lang='lat' dir='ltr'><strong>sed</strong></span> <span class='ocrx_word' id='word_1_241' title='bbox 693 4007 832 4066; x_wconf 86' lang='lat' dir='ltr'><strong>Matthiae</strong></span> <span class='ocrx_word' id='word_1_242' title='bbox 851 4017 949 4085; x_wconf 88' lang='lat' dir='ltr'><strong>postea</strong></span> <span class='ocrx_word' id='word_1_243' title='bbox 972 4006 1110 4065; x_wconf 85' lang='lat' dir='ltr'><strong>veriorem</strong></span> <span class='ocrx_word' id='word_1_244' title='bbox 1131 4009 1182 4067; x_wconf 90' lang='lat' dir='ltr'><strong>ha-</strong></span> 
     </span>
     <span class='ocr_line' id='line_1_34' title="bbox 76 4086 1182 4170; baseline 0.004 -24"><span class='ocrx_word' id='word_1_245' title='bbox 76 4087 138 4146; x_wconf 87' lang='lat' dir='ltr'><strong>huit</strong></span> <span class='ocrx_word' id='word_1_246' title='bbox 158 4086 289 4147; x_wconf 86' lang='lat' dir='ltr'><strong>Aldinam</strong></span> <span class='ocrx_word' id='word_1_247' title='bbox 311 4092 494 4168; x_wconf 88' lang='lat' dir='ltr'><strong>scripturam,</strong></span> <span class='ocrx_word' id='word_1_248' title='bbox 527 4091 602 4170; x_wconf 88' lang='lat' dir='ltr'><strong>quod</strong></span> <span class='ocrx_word' id='word_1_249' title='bbox 624 4111 679 4150; x_wconf 92' lang='lat' dir='ltr'><strong>non</strong></span> <span class='ocrx_word' id='word_1_250' title='bbox 701 4089 830 4149; x_wconf 88' lang='lat' dir='ltr'><strong>crederet</strong></span> <span class='ocrx_word' id='word_1_251' title='bbox 850 4089 1056 4169; x_wconf 76' lang='grc' dir='ltr'><strong><em>ἐγκαταστῆσαι</em></strong></span> <span class='ocrx_word' id='word_1_252' title='bbox 1076 4109 1094 4147; x_wconf 89' lang='lat' dir='ltr'><strong>a</strong></span> <span class='ocrx_word' id='word_1_253' title='bbox 1117 4109 1182 4150; x_wconf 85' lang='lat' dir='ltr'><strong>ror·</strong></span> 
     </span>
     <span class='ocr_line' id='line_1_35' title="bbox 77 4171 1180 4256; baseline 0.003 -26"><span class='ocrx_word' id='word_1_254' title='bbox 77 4179 188 4230; x_wconf 87' lang='lat' dir='ltr'><strong>rectore</strong></span> <span class='ocrx_word' id='word_1_255' title='bbox 217 4189 278 4230; x_wconf 90' lang='lat' dir='ltr'><strong>esse</strong></span> <span class='ocrx_word' id='word_1_256' title='bbox 308 4175 474 4251; x_wconf 86' lang='lat' dir='ltr'><strong>profectum.</strong></span> <span class='ocrx_word' id='word_1_257' title='bbox 526 4174 568 4233; x_wconf 91' lang='lat' dir='ltr'><strong>At</strong></span> <span class='ocrx_word' id='word_1_258' title='bbox 588 4174 654 4256; x_wconf 92' lang='lat' dir='ltr'><strong>qnid</strong></span> <span class='ocrx_word' id='word_1_259' title='bbox 676 4186 720 4233; x_wconf 88' lang='lat' dir='ltr'><strong>est</strong></span> <span class='ocrx_word' id='word_1_260' title='bbox 748 4173 973 4256; x_wconf 73' lang='grc' dir='ltr'><strong><em>ἐγκαταστῆσαιῖ</em></strong></span> <span class='ocrx_word' id='word_1_261' title='bbox 1015 4171 1083 4232; x_wconf 88' lang='grc' dir='ltr'><strong>Νοο</strong></span> <span class='ocrx_word' id='word_1_262' title='bbox 1106 4175 1180 4235; x_wconf 85' lang='lat' dir='ltr'><strong>eninr</strong></span> 
     </span>
     <span class='ocr_line' id='line_1_36' title="bbox 76 4254 1181 4334; baseline 0.002 -21"><span class='ocrx_word' id='word_1_263' title='bbox 76 4256 173 4313; x_wconf 88' lang='lat' dir='ltr'><strong>innato</strong></span> <span class='ocrx_word' id='word_1_264' title='bbox 194 4254 351 4315; x_wconf 89' lang='lat' dir='ltr'><strong>hominihus</strong></span> <span class='ocrx_word' id='word_1_265' title='bbox 367 4267 433 4315; x_wconf 87' lang='lat' dir='ltr'><strong>sunt</strong></span> <span class='ocrx_word' id='word_1_266' title='bbox 447 4258 572 4318; x_wconf 84' lang='lat' dir='ltr'><strong>remedia</strong></span> <span class='ocrx_word' id='word_1_267' title='bbox 588 4257 721 4318; x_wconf 86' lang='lat' dir='ltr'><strong>adversus</strong></span> <span class='ocrx_word' id='word_1_268' title='bbox 738 4276 847 4316; x_wconf 91' lang='lat' dir='ltr'><strong>morsus</strong></span> <span class='ocrx_word' id='word_1_269' title='bbox 863 4256 1033 4334; x_wconf 86' lang='lat' dir='ltr'><strong>viperarum.</strong></span> <span class='ocrx_word' id='word_1_270' title='bbox 1074 4254 1181 4328; x_wconf 84' lang='lat' dir='ltr'><strong>Similis¹</strong></span> 
     </span>
     <span class='ocr_line' id='line_1_37' title="bbox 78 4337 435 4402; baseline 0.006 -6"><span class='ocrx_word' id='word_1_271' title='bbox 78 4339 194 4396; x_wconf 87' lang='lat' dir='ltr'><strong>mutatio</strong></span> <span class='ocrx_word' id='word_1_272' title='bbox 218 4338 293 4396; x_wconf 85' lang='lat' dir='ltr'><strong>facta</strong></span> <span class='ocrx_word' id='word_1_273' title='bbox 312 4360 341 4397; x_wconf 87' lang='lat' dir='ltr'><strong>v.</strong></span> <span class='ocrx_word' id='word_1_274' title='bbox 365 4337 435 4402; x_wconf 80' lang='lat'><strong>154.</strong></span> 
     </span>
    </p>
   </div>
   <div class='ocr_carea' id='block_1_13' title="bbox 79 4412 1181 4594">
    <p class='ocr_par' dir='ltr' id='par_1_14' title="bbox 79 4412 1181 4594">
     <span class='ocr_line' id='line_1_38' title="bbox 156 4412 1181 4516; baseline -0.002 -14"><span class='ocrx_word' id='word_1_275' title='bbox 156 4439 230 4502; x_wconf 87' lang='grc'><strong>273.</strong></span> <span class='ocrx_word' id='word_1_276' title='bbox 273 4437 360 4494; x_wconf 88' lang='lat' dir='ltr'><strong>Tanr.</strong></span> <span class='ocrx_word' id='word_1_277' title='bbox 380 4436 563 4498; x_wconf 69' lang='lat' dir='ltr'><strong>auertunt.</strong></span> <span class='ocrx_word' id='word_1_278' title='bbox 583 4445 722 4507; x_wconf 76' lang='grc' dir='ltr'><strong><em>τοιοῦτον.</em></strong></span> <span class='ocrx_word' id='word_1_279' title='bbox 760 4439 845 4498; x_wconf 79' lang='lat' dir='ltr'><strong>Lasc.</strong></span> <span class='ocrx_word' id='word_1_280' title='bbox 865 4439 1026 4516; x_wconf 86' lang='lat' dir='ltr'><strong>caeterique</strong></span> <span class='ocrx_word' id='word_1_281' title='bbox 1043 4438 1124 4511; x_wconf 89' lang='lat' dir='ltr'><strong>lihri,</strong></span> <span class='ocrx_word' id='word_1_282' title='bbox 1150 4412 1181 4500; x_wconf 73' lang='lat' dir='ltr'><strong>ut</strong></span> 
     </span>
     <span class='ocr_line' id='line_1_39' title="bbox 79 4521 400 4594; baseline 0.003 -14"><span class='ocrx_word' id='word_1_283' title='bbox 79 4521 232 4594; x_wconf 87' lang='lat' dir='ltr'><strong>Stohaens,</strong></span> <span class='ocrx_word' id='word_1_284' title='bbox 255 4522 400 4582; x_wconf 81' lang='grc' dir='ltr'><strong><em>τοσοῦτον.</em></strong></span> 
     </span>
    </p>
   </div>
   <div class='ocr_carea' id='block_1_14' title="bbox 0 0 1508 4952">
    <p class='ocr_par' dir='ltr' id='par_1_15' title="bbox 0 0 1508 4952">
     <span class='ocr_line' id='line_1_40' title="bbox 0 0 1508 4952; baseline 0 5"><span class='ocrx_word' id='word_1_285' title='bbox 0 0 1508 4952; x_wconf 95' lang='lat' dir='ltr'><strong> </strong></span> 
     </span>
    </p>
   </div>
  </div>
 </body>
</html>
