3006 4952
798 339 858 394 vlu

277 506 313 582 in
333 506 489 585 Miscell.
516 503 595 582 111.’
615 508 676 582 16.
703 533 738 604 6.
765 505 850 580 168.
886 531 930 582 ex
961 506 1075 580 eodem
1108 507 1185 581 loce
1210 506 1391 604 collegisse

278 627 343 699 sibi
369 627 458 699 uisus
484 635 536 701 est
569 634 677 699 actam
702 648 775 698 esse
801 621 862 697 Ol.
887 619 966 697 XC.
989 623 1025 696 2.
1058 624 1217 698 archonte
1248 623 1392 698 Arabia.

226 782 229 787 ·
279 740 410 815 llardio
437 769 515 817 varo
548 743 583 814 in
609 749 832 816 commentatt.
857 739 965 814 Acad.
998 739 1171 839 Inscriptt.
1196 741 1263 812 661.
1288 739 1392 813 VIII.

279 885 315 958 p.
334 860 420 934 268.
446 861 567 934 166166
594 859 767 933 ostendere
792 859 919 930 studuit
939 860 1053 955 paullo
1079 867 1156 931 ante
1179 857 1277 930 11666
1298 857 1394 930 vice-

282 977 358 1049 simi
389 978 467 1048 anni
496 977 577 1049 belli
606 975 866 1073 Peloponnesii,
905 974 992 1071 6666
1028 983 1080 1048 661
1113 973 1173 1048 01.
1204 973 1323 1047 XCII.
1358 977 1393 1050 1.

280 1094 395 1167 Petito
417 1117 572 1166 assensus
596 1101 648 1165 est
673 1091 867 1163 Boeckbios
892 1091 926 1162 in
953 1093 1040 1165 libro
1068 1118 1162 1190 quem
1190 1092 1230 1165 de
1255 1093 1395 1189 tragicis

285 1208 428 1283 Graecis
453 1210 590 1308 scripsit
617 1235 652 1306 p.
677 1207 763 1280 189.
804 1207 933 1280 Hardio
954 1210 1097 1306 661666,
1124 1234 1221 1307 6666
1248 1233 1281 1306 6.
1304 1209 1395 1282 272.

283 1328 427 1424 666616
461 1327 560 1399 16666
587 1325 683 1398 61661
713 1324 845 1396 666666
876 1324 917 1397 66
950 1327 1075 1424 duplici
1107 1328 1141 1398 in
1171 1328 1304 1400 ciuitate
1327 1327 1396 1397 16-

283 1443 377 1542 perio
409 1443 582 1533 dicuntur,
619 1441 660 1512 66
698 1442 876 1537 collegium
905 1443 1219 1540 quadringentorum
1251 1445 1394 1536 rettulit,

285 1584 352 1631 666
377 1560 507 1632 ridetur
540 1559 705 1654 cogitasse
737 1582 778 1630 66
804 1561 908 1632 66116
943 1561 1061 1633 melius
1085 1563 1120 1633 16
1144 1561 1333 1636 Alcibiadis
1360 1569 1396 1634 et

282 1674 404 1750 Niciae
429 1676 680 1748 aemulationem
714 1676 903 1750 conuenire.
952 1676 1030 1750 Non
1057 1679 1217 1775 primum,
1251 1677 1310 1751 sed
1336 1703 1395 1751 se-

284 1792 425 1866 cundom
452 1793 540 1865 inter
565 1817 643 1884 eos,
676 1791 800 1890 quide
827 1794 970 1866 victoria
991 1797 1181 1888 certabant,
1213 1795 1395 1869 indicatum

272 1901 358 1983 ¹csse
381 1909 590 2007 Euripidem,
611 1910 835 2008 proditnmest
850 1912 884 1983 in
909 1921 1101 2008 argumento
1120 1913 1172 1986 bis
1197 1914 1325 1987 verbis:
1350 1911 1395 1986 τὸ

252 2095 255 2103 .
286 2024 327 2101 dd
352 2023 480 2122 δρᾶμα
505 2032 584 2100 τῶν
606 2024 801 2124 δευτέρων.
851 2026 898 2100 Et
923 2030 1075 2126 prolecto
1099 2032 1185 2102 male
1211 2030 1396 2128 composita

286 2152 337 2216 est
358 2144 483 2216 tabula.
532 2142 619 2216 Nam
639 2153 672 2217 et
698 2144 780 2217 duas
803 2146 972 2238 actiones,
998 2147 1269 2243 quemadmodum
1294 2149 1395 2221 etiam

285 2261 372 2333 61166
397 2259 572 2358 Euripidis
602 2261 816 2356 tragoediae,
844 2264 1014 2355 eontinet,
1046 2273 1081 2337 et
1113 2270 1230 2337 neutra
1262 2266 1396 2338 illarum

285 2379 452 2452 actionum
475 2380 524 2451 116
547 2378 598 2450 66
623 2378 764 2450 debebat
794 2388 936 2452 tractata
962 2389 1025 2453 este
1073 2379 1176 2452 Prior
1200 2382 1235 2454 16
1257 2381 1397 2454 Andro·

286 2498 436 2590 mucbae,
463 2497 629 2594 posterior
653 2496 689 2568 in
713 2495 810 2569 Pelei
835 2497 968 2570 lortuna
995 2507 1163 2572 versature
1195 2499 1230 2569 in
1257 2507 1397 2596 utraque

287 2615 372 2712 6666
400 2615 586 2686 institutum
610 2620 747 2686 estnon
772 2614 813 2685 66
830 2615 950 2687 iustum
977 2615 1074 2688 linem
1101 2615 1313 2713 perducitur,
1338 2617 1396 2690 scd

287 2732 493 2829 abrumpitur
508 2733 671 2804 violenter
686 2731 721 2802 in
741 2730 849 2801 altera
864 2753 956 2823 casu,
981 2732 1016 2802 in
1040 2734 1145 2804 altera
1162 2732 1225 2805 666
1247 2733 1282 2806 16
1300 2734 1396 2806 anxi-

214 2856 219 2864 '
286 2852 368 2923 lium
392 2848 551 2923 adbibita.
602 2845 674 2921 Sed
698 2846 739 2920 de
764 2845 817 2918 bis
837 2847 947 2918 statim
975 2847 1123 2940 dicetur,
1155 2857 1328 2948 postquam
1355 2851 1397 2926 de

287 2967 441 3058 consilio,
457 2989 522 3062 666
538 2965 625 3038 1666
640 2963 846 3060 tragoediam
861 2964 1036 3060 scripserit
1053 2964 1246 3063 Euripides,
1265 2969 1397 3065 quaesi-

286 3107 377 3157 rero.
428 3081 519 3157 Sunt
543 3083 630 3156 enim
663 3083 723 3180 661
744 3087 862 3177 putant
886 3103 954 3152 non
979 3080 1079 3170 aliter
1105 3079 1256 3160 Graecos
1281 3094 1397 3182 poetas

287 3201 328 3273 66
363 3200 552 3297 tragoedias
586 3197 779 3270 scribendas
812 3195 1018 3288 accessisse,
1051 3223 1147 3294 6666
1185 3210 1221 3274 61
1252 3203 1395 3299 aliquam

287 3341 490 3390 communem
517 3315 737 3404 sententiam,
769 3335 854 3410 6666
879 3313 932 3384 661
959 3311 1001 3383 66
1024 3338 1093 3385 rem
1117 3317 1282 3413 publicam
1306 3330 1396 3394 recte

285 3431 483 3532 gerendam,
511 3434 563 3506 vel
588 3432 629 3504 ad
657 3432 757 3503 61166
780 3429 949 3526 sapienter
971 3431 1092 3528 pieque
1117 3433 1297 3530 degendam
1316 3461 1396 3534 spe·

286 3559 405 3642 cturet,
432 3553 537 3622 multa
558 3549 777 3644 diuturnaque
797 3546 1037 3620 deliberatione
1059 3551 1257 3647 pensitatum
1283 3553 1395 3650 611666

286 3693 329 3742 ex
363 3668 465 3741 reteri
493 3667 635 3739 bistoria
658 3666 748 3738 16616
772 3687 868 3760 6666
893 3667 1141 3739 accuratissime
1172 3668 1395 3744 illustrarent:

284 3785 319 3858 in
363 3809 468 3882 66666
509 3793 680 3881 poetarum
718 3782 859 3854 consilio
904 3781 1091 3878 indagando
1132 3787 1395 3886 explicandoqne

283 3901 414 3974 laudem
448 3901 591 3997 positum
621 3900 814 3974 existimant
843 3901 1047 3996 interpretis.
1107 3901 1174 3993 Qui
1206 3907 1319 3978 nescio
1353 3930 1395 3978 an

284 4018 371 4091 band
394 4042 470 4089 raro
497 4026 668 4114 quaerant,
692 4017 778 4116 6666
796 4043 893 4114 6666
916 4020 1103 4115 repperisse
1123 4022 1189 4094 sibi
1211 4023 1395 4116 videantur,

286 4143 606 4232 repertnmveteres
628 4135 681 4208 illi
706 4145 825 4230 poetae
853 4135 1061 4208 uehementer
1090 4146 1201 4210 esseut
1231 4140 1394 4214 miraturi.

284 4251 326 4324 In
350 4251 588 4325 Andromacha
610 4250 740 4348 quidem
765 4251 889 4324 trustra
912 4251 1097 4324 huiusmodi
1124 4253 1201 4350 quid
1217 4279 1395 4351 quaerore·

283 4379 349 4447 tur.
399 4368 476 4444 Non
504 4370 539 4442 in
566 4368 608 4440 iis
637 4368 737 4440 rebus
763 4391 897 4466 operam
923 4370 1090 4465 ponebant
1116 4370 1243 4474 antiqui
1263 4381 1394 4472 poetae,
